3424 5462
250 319 316 382 254
772 319 886 375 Lesas
906 319 1046 375 SACRAE

249 491 319 564 post
340 492 441 548 tamen
464 481 506 569 (a.
522 480 656 568 341s40)
678 491 887 564 recuperatam
908 481 1042 570 (Didym.
1061 489 1098 548 de
1120 489 1205 548 Dem.
1225 491 1267 548 ed.
1286 491 1371 550 Diels
1396 483 1566 573 1‚18sqq.)

249 585 404 645 referenda
427 605 489 646 esse
513 586 669 646 intellexit.

338 683 439 744 Verba
465 685 548 743 tituli
580 683 809 744 difficultatibus
837 703 897 744 non
928 687 1038 744 carent.
1091 685 1201 744 Statim
1229 705 1288 762 quo
1316 690 1451 763 spectent
1479 705 1566 748 casus

250 782 348 842 dativi
369 786 415 841 τεῐ
434 779 560 853 Μεταξὺ
583 779 632 841 καὶ
656 785 700 841 τοι·
723 783 859 841 Φυλακεῖ
877 781 1035 841 obscurum
1057 785 1110 842 est.
1147 783 1241 844 Locos
1265 783 1323 843 dici
1345 787 1435 861 putat
1458 785 1566 860 editor,

250 879 302 938 sed
323 879 457 940 locorum
479 879 665 939 definitiones
684 879 763 938 nudo
784 879 887 940 dativo
905 882 977 956 poni
996 899 1055 940 non
1074 881 1245 956 oportebat,
1268 881 1331 942 dies
1350 884 1451 959 potius
1472 884 1565 961 signi·

249 977 332 1036 ficari
355 979 523 1054 putaverim
551 977 616 1037 coll.
640 979 816 1054 praesertim
840 979 976 1054 proximo
1003 977 1106 1036 dativo
1135 982 1181 1037 νεῖ
1205 975 1263 1056 πρδ
1286 987 1344 1038 τῶν
1365 973 1565 1058 Ἀρτεμιρίιον,

250 1078 302 1153 qui
325 1077 364 1135 ad
386 1075 464 1134 diem
478 1077 650 1134 Artemisiis
670 1077 853 1152 superiorem
872 1094 930 1134 non
949 1076 1055 1134 referri
1073 1095 1134 1136 non
1152 1079 1260 1152 potest,
1284 1095 1337 1136 nec
1355 1077 1459 1136 diebus
1479 1077 1565 1138 iestis

250 1175 478 1233 Artemisiorum
502 1175 629 1250 singulis
653 1192 706 1232 sua
730 1173 820 1232 fuisse
843 1175 965 1232 nomina
988 1173 1199 1249 improbabile,
1229 1175 1361 1234 attalia
1384 1175 1486 1251 qualia
1509 1177 1565 1236 illa

249 1273 341 1332 fuisse
368 1291 454 1330 nemo
481 1271 570 1331 facile
598 1271 705 1331 credet.
731 1302 772 1311 -
797 1270 911 1330 Deinde
939 1289 1009 1331 vero
1043 1271 1197 1347 quaeritur
1228 1272 1265 1330 de
1297 1273 1450 1332 vocabulis
1478 1271 1565 1334 πέντε

249 1365 370 1448 ἡμέρας,
394 1389 470 1446 quae
493 1372 620 1444 quinque
642 1370 704 1430 dics
726 1369 921 1445 interpretari
941 1369 989 1429 vel
1011 1387 1134 1428 numero
1158 1370 1305 1448 singulari
1327 1371 1408 1430 vocis
1432 1375 1489 1430 νεῖ
1505 1371 1564 1450 πρδ

248 1475 307 1526 τῶν
328 1461 524 1546 Ἀρτεμιρίων,
554 1469 579 1526 si
606 1467 696 1526 modo
719 1470 798 1526 recte
820 1467 898 1526 bane
921 1467 957 1525 de
980 1466 1028 1525 die
1051 1467 1194 1540 intellexi,
1220 1467 1420 1544 prohibemur.
1466 1469 1563 1530 lmmo

248 1567 407 1641 insequens
429 1569 620 1642 praeceptum
644 1563 757 1625 τούτων
776 1561 809 1624 δὲ
833 1564 888 1625 δύο
911 1563 1063 1644 ἕγκρίτοας
1080 1557 1158 1623 εἶναι
1180 1565 1211 1624 ni
1229 1566 1320 1626 fallor
1338 1567 1470 1626 ostendit
1488 1567 1564 1627 illud

249 1660 333 1722 πέντε
364 1664 464 1738 ipsum
497 1682 613 1739 quoque
644 1661 682 1721 ad
711 1662 932 1724 substantivum
959 1659 1052 1741 όίρνας
1078 1663 1267 1722 referendum
1295 1683 1365 1724 esse.
1413 1664 1473 1724 Sed
1501 1669 1567 1725 tum

249 1761 322 1838 quid
345 1761 402 1820 sibi
425 1761 492 1820 vult
515 1756 648 1839 ἡμέραςὶ)
693 1761 743 1820 An
771 1761 952 1820 adiectivum
976 1759 1083 1839 ἥμερος
1107 1761 1208 1820 subest
1237 1763 1424 1839 formamque
1447 1763 1567 1824 femini·

248 1879 318 1918 nam
355 1860 418 1918 eius
459 1859 642 1918 adhibebant
678 1856 884 1918 Eretrienses?
935 1857 1103 1918 Dummodo
1140 1859 1210 1920 talis
1247 1878 1391 1937 agnorum
1429 1861 1565 1923 definitio

248 1958 349 2034 aptior
372 1961 458 2017 esset.

338 2055 374 2114 V.
395 2057 422 2114 9.
466 2056 510 2114 Ex
533 2056 571 2115 iis
594 2055 776 2114 musicorum
794 2054 960 2132 generibus,
984 2073 1061 2131 quae
1080 2055 1255 2132 plerumque
1280 2055 1364 2116 feriis
1388 2059 1564 2134 agonisticis

249 2157 361 2214 certare
385 2154 522 2214 solebant
540 2147 703 2237 (ῥαψῳδοί,
726 2151 861 2229 αὐληταί,
884 2151 1024 2236 αὐλῳδοό,
1047 2153 1226 2230 κιθαρισταί,
1249 2153 1429 2236 κιθαρῳδοί)
1454 2153 1565 2216 desunt

248 2250 383 2329 αὐληταί,
397 2269 451 2328 pro
466 2252 573 2327 quibus
588 2252 635 2310 hic
650 2251 760 2311 adsunt
773 2249 917 2334 παρῳδοί,
928 2270 988 2326 qua
999 2269 1070 2310 voce
1083 2269 1135 2310 cur
1147 2251 1243 2309 editor
1255 2251 1445 2327 parodiarum
1458 2257 1564 2329 poetas

249 2349 309 2410 dici
326 2352 423 2428 neget,
446 2369 553 2426 perum
573 2368 723 2424 assequor,
742 2349 919 2424 praesertim
937 2368 1003 2407 cum
1022 2350 1055 2422 ii,
1074 2367 1147 2425 quos
1164 2350 1229 2424 ipse
1246 2349 1405 2427 intellegit,
1425 2350 1457 2410 οἱ
1473 2345 1562 2433 ᾅδον-

248 2467 293 2518 τες
316 2441 386 2526 παρ’
411 2443 488 2530 ἄλλῳ
512 2444 616 2530 ᾄδοντι
640 2442 680 2518 ὡς
703 2447 820 2526 βοηθοί
836 2447 884 2506 vel
906 2446 974 2506 ideo
998 2445 1034 2504 ab
1053 2445 1193 2506 hocloco
1212 2447 1383 2506 removendi
1402 2449 1471 2523 sint,
1491 2451 1564 2525 quia

247 2545 375 2605 artifices
408 2546 454 2604 illi
487 2565 541 2620 pro
565 2563 596 2605 se
625 2545 752 2621 quisque
785 2545 867 2604 solus
899 2545 1020 2602 eantare
1053 2536 1226 2625 solebant.⁹)
1249 2575 1293 2585 -
1323 2543 1417 2620 Ordo,
1448 2565 1508 2623 quo
1532 2549 1564 2606 in

234 2645 345 2703 titulis
374 2643 548 2723 agonisticis
576 2641 739 2703 certamina
763 2643 884 2720 singula
907 2660 938 2701 se
962 2641 1126 2718 excipiunt,
1153 2633 1314 2724 vanam),
1343 2643 1399 2703 etsi
1420 2644 1565 2721 rhapsodi

249 2761 365 2818 semper
396 2742 457 2801 fere
490 2760 596 2820 agmen
629 2741 735 2800 ducere
764 2738 868 2800 solent
914 2740 1017 2816 Aeque
1044 2745 1136 2816 atque
1163 2742 1195 2798 in
1221 2741 1278 2800 hoc
1305 2741 1397 2801 titulo
1428 2740 1563 2826 αόδῳδός

248 2839 398 2899 antecedit
421 2843 594 2917 καθαριστεῖ,
618 2837 794 2917 κιθαριστής
822 2841 923 2898 autem
946 2837 1105 2921 κιθαρῳδῷ
1129 2839 1160 2896 in
1183 2839 1230 2899 tit.
1251 2838 1414 2914 Thespiaeo
1439 2833 1563 2920 (Michel

248 2938 367 2997 Recucit
395 2929 483 3018 892).
530 2936 587 2996 Sed
616 2957 651 2997 ex
678 2937 734 2996 hoc
762 2935 865 2995 ordine
893 2935 990 3011 ipsam
1018 2938 1161 3011 cuiusque
1189 2936 1305 3014 geneiis
1332 2937 1437 2996 musici
1461 2939 1562 2998 existi·

247 3035 410 3094 mationem
441 3035 562 3094 minime
594 3027 768 3114 penderen)
796 3033 930 3110 praemia
959 3033 989 3090 in
1017 3033 1072 3092 hoc
1095 3033 1185 3092 titulo
1214 3036 1378 3093 constituta
1402 3035 1563 3096 manifesto

247 3133 419 3193 testimonio
442 3137 520 3207 sunt,
544 3133 687 3209 quoniam
711 3131 901 3191 citharoedus
925 3135 956 3190 et
978 3151 1005 3190 v.
1025 3133 1067 3190 10
1090 3134 1165 3190 etv.
1184 3133 1223 3191 18
1248 3135 1355 3208 quarto
1377 3132 1444 3192 loco
1467 3137 1563 3194 nomi·

248 3235 347 3305 natur,
370 3230 465 3290 eidem
488 3236 590 3290 tamen
612 3231 701 3308 longe
725 3248 877 3290 summum
900 3223 981 3311 (200
1004 3223 1062 3310 dr.)
1085 3229 1251 3305 praemium
1273 3230 1458 3305 proponitur.

336 3328 372 3387 V.
390 3331 430 3389 12
454 3328 615 3406 προσόδιον
637 3346 757 3388 carmen
782 3331 856 3401 eret,
880 3327 958 3403 quod
984 3326 1138 3386 dicebatur
1160 3323 1219 3387 ἀπὸ
1243 3334 1295 3387 τοῦ
1319 3321 1448 3408 ᾅδεσθαι
1470 3325 1503 3386 ἐν
1526 3333 1567 3412 τῷ

247 3419 446 3508 προσιέναι11)
474 3431 535 3499 τοῖς
563 3427 677 3504 βωμοῖς
699 3421 719 3504 ι)
744 3429 828 3497 ναοῖς
856 3417 964 3506 (Prool.
984 3425 1090 3484 obrest.
1110 3445 1138 3500 p.
1160 3417 1247 3504 244).
1293 3424 1358 3483 Iam
1382 3442 1450 3484 cum
1476 3445 1564 3501 prae·

248 3526 378 3601 cipiatur
404 3523 474 3596 τοὺς
501 3523 560 3602 τὴμ
588 3521 735 3600 μουσικὴν
761 3519 996 3602 ἀγωνιζομένους
1024 3521 1136 3594 πάντας
1165 3519 1362 3601 ἀγωνίζεσθαι
1390 3521 1563 3602 προσόδων,

247 3627 343 3700 primo
367 3625 443 3683 hano
466 3624 556 3682 fuisse
580 3620 734 3698 praecepti
756 3623 904 3681 rationem
927 3624 1024 3696 putes,
1046 3623 1082 3679 ut
1104 3619 1234 3679 artifices
1257 3621 1336 3679 inter
1354 3639 1385 3680 se
1404 3624 1564 3696 certarent,

248 3723 314 3797 quis
347 3740 449 3781 eorum
480 3739 599 3780 carmen
631 3719 707 3778 illud
737 3721 769 3777 in
798 3717 942 3778 sacrificio
971 3721 1097 3778 caneret.
1144 3718 1202 3777 Sed
1226 3737 1245 3776 a
1271 3737 1429 3794 puerorum
1460 3721 1563 3794 potius

247 3819 452 3896 puellarumve
480 3819 577 3878 choris
605 3816 752 3894 προσόδια
779 3817 895 3876 cantari
923 3817 1012 3875 solita
1035 3834 1098 3876 esse
1121 3817 1272 3877 nonnullis
1299 3816 1478 3876 testimoniis
1502 3818 1564 3877 col·

247 3917 400 3995 ligandum
419 3915 549 3990 videtur,
572 3916 603 3974 id
627 3914 714 3989 euim,
740 3913 818 3990 quod
842 3913 972 3973 traditur
991 3914 1088 3974 (liam.
1102 3914 1212 3974 Anecd.
1233 3911 1285 3973 Ox.
1305 3913 1349 3972 IV
1363 3935 1390 3991 p.
1408 3915 1471 3973 314
1487 3933 1563 3975 αντ

247 4015 361 4092 ποίημα
388 4012 446 4074 ὑπὸ
475 4011 607 4092 ἀρρένων
631 4009 651 4090 ἢ
674 4010 836 4091 παρθένιον
859 4019 949 4090 χοροῦ
977 4011 1009 4072 ἐν
1033 4019 1068 4095 τῇ
1092 4011 1229 4096 προσόδῳ
1253 4019 1287 4095 τῇ
1311 4010 1384 4091 πρὸς
1412 4010 1463 4072 τόν
1487 4009 1564 4072 θεὸν

248 4105 394 4194 ᾀδόμενον
422 4104 472 4193 (cf.
497 4111 589 4171 etiam
618 4111 690 4170 Xen.
714 4109 809 4169 Anab.
825 4109 868 4167 VI
890 4113 918 4181 l,
935 4103 989 4188 11)
1019 4109 1211 4169 confirmatur
1239 4115 1269 4170 et
1296 4111 1386 4169 titulo
1415 4109 1563 4186 Delphico

248 4208 370 4290 (uico
389 4213 452 4270 aec
477 4203 563 4286 syc!
582 4201 662 4290 coa)
685 4207 786 4284 ιπεαὴ
806 4201 1005 4288 Μαχάρης
1028 4208 1143 4280 Βίωνος
1163 4199 1325 4284 Ἀθηναῖος
1346 4239 1385 4249 -
1410 4239 1454 4248 -
1473 4229 1563 4285 ποιη-

247 4307 300 4386 τὴς
332 4312 426 4384 μελῶν
454 4306 638 4385 ἕπιδαμήσας
670 4305 712 4378 εἰς
744 4303 799 4365 τὰν
825 4303 912 4364 πόλιν
939 4302 1066 4385 γέγραφε
1099 4313 1151 4364 τῶι
1178 4310 1254 4366 θεῶν
1280 4303 1429 4366 ποθόδιόν
1452 4326 1481 4365 τε
1511 4304 1565 4366 καὶ

248 4429 460 4436 -ῇ--μ

338 4507 363 4575 9)
387 4505 422 4559 cf.
437 4520 510 4574 quae
529 4505 564 4558 de
582 4503 637 4558 hac
656 4519 685 4557 re
704 4503 803 4556 contra
822 4499 975 4570 Bergkium
991 4503 1231 4571 Litteraturpescb.
1242 4501 1267 4554 11
1278 4506 1375 4570 δοῦσα.
1391 4503 1563 4555 monuerunt

248 4583 350 4638 Reisch
368 4586 412 4639 De
430 4601 498 4640 οιαο.
516 4585 611 4640 Graec.
626 4591 735 4638 certem.
755 4600 782 4651 p.
799 4587 832 4635 20
852 4584 881 4635 et
899 4583 931 4635 A.
948 4581 1102 4635 Mommsen
1122 4583 1202 4636 Ferte
1221 4600 1247 4651 p.
1264 4587 1297 4636 66
1317 4599 1380 4636 cum
1399 4583 1456 4634 not.
1472 4585 1497 4634 2.

320 4669 362 4732 10)
391 4664 426 4718 of.
445 4681 519 4719 nunc
538 4664 717 4734 potissimum
736 4664 768 4716 A.
784 4661 941 4716 Mommsen
961 4661 1039 4716 Festo
1057 4680 1084 4731 p.
1101 4667 1200 4731 66sqq.

320 4751 363 4812 11)
391 4745 433 4798 vel
453 4745 609 4799 Mommsen
629 4745 677 4798 tc.
697 4761 724 4812 p.
742 4747 811 4808 64,3
831 4743 950 4795 nimium
969 4742 1036 4796 huic
1055 4742 1147 4795 ordini
1166 4741 1274 4795 tribuit.

321 4827 363 4892 12)
392 4823 531 4892 πρόσοδος
544 4839 625 4878 sacra
638 4839 694 4876 non
708 4839 771 4876 raro
789 4824 1035 4877 commemoratur:
1054 4839 1077 4875 e.
1089 4841 1115 4892 g.
1131 4821 1397 4886 Xen.An.V11,11;
1416 4819 1560 4890 Aristoph.

248 4901 320 4956 Nub.
337 4909 398 4970 307,
416 4903 481 4958 Pac.
496 4909 556 4958 396.
