3434 5464
257 314 324 378 324
776 312 891 368 Lusus
910 310 1051 366 SACRAE

255 483 311 543 hac
334 482 533 560 prohiberent.
570 483 607 542 Id
626 481 707 558 quod
728 499 789 540 non
812 483 910 542 solum
931 482 1084 560 religionis
1109 500 1207 558 causa,
1231 482 1283 542 sed
1307 484 1400 542 etiam
1422 483 1572 543 commodi

256 581 442 658 singulorum
464 599 555 640 causa
577 584 676 640 actum
700 598 762 640 esse
786 584 1016 640 consentaneum
1045 584 1090 640 est
1113 599 1148 641 ac
1170 581 1219 640 vel
1241 582 1315 640 satis
1344 583 1447 656 aperte
1477 601 1573 640 enun-

259 681 356 738 tiatur
375 698 402 737 v.
423 679 535 754 86sqq.
555 676 681 738 διδόντω
703 675 755 749 τὰς
774 677 894 758 μερίδας
913 670 965 759 (se.
985 678 1142 755 epularum
1164 671 1331 759 sacrarum)
1350 675 1574 759 ἀντεφορῶντες

258 775 291 836 ἐκ
322 784 376 836 τοῦ
409 775 594 858 λευκώματος
625 777 774 853 similique
806 781 965 852 praecepto
993 796 1020 835 v.
1041 779 1080 836 91
1093 795 1157 853 sqq.
1186 777 1222 836 de
1254 777 1406 836 sacerdote
1434 777 1574 836 creando.

259 873 411 933 Simillimi
436 875 606 951 argumenti
627 874 734 933 titulus
758 871 926 950 Olymensis
949 877 997 933 est
1018 895 1047 934 n.
1064 877 1136 934 179.

349 971 475 1048 Proprio
503 972 566 1031 iure
595 990 746 1031 sacrorum
773 972 895 1030 illorum
923 972 1083 1049 participes
1112 977 1197 1031 erant
1219 973 1360 1031 nimirum
1384 973 1576 1032 solummodo

258 1069 382 1129 tribules
405 1072 474 1146 ipsi,
498 1089 533 1129 ao
556 1070 636 1146 quod
658 1072 778 1146 praeter
800 1069 912 1128 tribum
935 1073 966 1130 et
988 1073 1105 1148 patrem
1127 1071 1233 1130 matris
1252 1090 1370 1147 quoque
1391 1073 1422 1130 et
1441 1073 1491 1130 avi
1509 1090 1576 1130 ms·
1697 1132 1701 1149 ¹

256 1171 335 1228 terni
362 1169 485 1228 nomina
513 1167 620 1227 ascribi
647 1167 803 1242 iubentur,
829 1167 861 1226 id
889 1167 949 1226 fuit
975 1168 1145 1241 eonsilium,
1173 1171 1207 1227 ut
1234 1168 1370 1244 utrisque
1397 1169 1575 1245 parentibus

258 1266 384 1325 tribules
408 1268 473 1326 nati
495 1257 736 1346 probarentur⁸),
759 1268 838 1326 sicut
851 1266 977 1326 Athenis
1001 1265 1054 1325 diu
1076 1267 1124 1325 lex
1147 1270 1213 1326 erat
1236 1265 1276 1344 μὴ
1300 1263 1427 1345 μετέχειν
1446 1275 1498 1344 τῆς
1517 1264 1575 1325 πό-

258 1369 329 1435 λεως
352 1359 386 1436 ὃς
409 1361 447 1423 dv
466 1363 506 1440 μὴ
529 1361 559 1436 ἐξ
583 1361 697 1441 ἀμφοῖν
714 1361 818 1423 devoir
836 1349 856 1448 ᾖ
874 1363 1003 1444 γεγονώς
1022 1357 1129 1446 (Arist.
1146 1357 1211 1424 Ἀθ.
1225 1362 1289 1424 adl„
1307 1365 1358 1437 26,
1370 1366 1399 1436 5,
1423 1365 1459 1423 cf.
1479 1367 1576 1424 etiam

233 1501 237 1510 .
261 1465 313 1537 42,
329 1454 373 1544 1).
384 1454 410 1544 ⁹)
448 1461 615 1536 Quaeritur,
640 1480 715 1537 quae
739 1462 851 1521 fuerint
874 1480 925 1520 eae
948 1462 1044 1522 tribus
1068 1454 1116 1534 αἷς
1139 1459 1250 1540 μέτεστι
1272 1469 1332 1521 τῶν
1354 1461 1442 1542 ἱερῶν
1463 1455 1502 1520 Ἀ.
1522 1460 1576 1521 καὶ

256 1552 318 1639 Ἤρ.
338 1558 371 1620 ἐν
390 1551 449 1620 ‘At
496 1559 591 1619 Erant
614 1560 695 1636 apud
714 1559 789 1619 (loos
812 1563 847 1620 ut
870 1560 950 1636 apud
974 1561 1131 1636 plerosque
1150 1558 1246 1620 Dares
1267 1558 1365 1619 tribus
1388 1559 1575 1637 Dymanum,

259 1657 445 1734 Hylleorum,
464 1648 754 1738 Pamphylorum¹⁰),
773 1658 824 1718 sed
843 1658 897 1718 has
915 1663 975 1717 tres
995 1657 1053 1717 dici
1073 1659 1121 1717 rel
1138 1662 1261 1735 propter
1279 1657 1575 1718 circumlocutionem

257 1757 344 1815 illam
366 1773 473 1832 parum
497 1756 561 1815 veri
584 1756 681 1816 simile
704 1760 757 1815 est.
798 1755 842 1814 Ae
865 1776 897 1815 re
920 1775 991 1814 vera
1015 1755 1097 1830 duas,
1120 1756 1271 1832 Dymanes
1296 1759 1326 1815 et
1348 1755 1482 1832 Hylleos,
1505 1776 1577 1833 pro-

259 1855 325 1930 prio
348 1855 412 1913 iure
436 1854 534 1913 cultus
558 1854 641 1913 illius
664 1855 826 1931 participes
844 1853 934 1914 fuisse
954 1853 1146 1913 confirmatur
1163 1854 1264 1932 lapide
1283 1846 1425 1936 almost)
1444 1855 1575 1914 indicam

258 1954 413 2012 nominum
435 1953 615 2026 continente,
638 1969 706 2028 quo,
729 1953 788 2012 nisi
811 1970 912 2011 omnes
935 1952 1023 2028 plane
1047 1951 1189 2027 fallimur,
1211 1952 1244 2026 id
1263 1952 1415 2030 exemplar
1432 1953 1574 2029 catalogi,

259 2050 337 2126 quod
361 2050 545 2110 hie·v.100
568 2049 665 2126 lapidi
687 2048 779 2120 incidi
802 2049 935 2124 iubetur,
959 2051 1110 2109 servatum
1133 2052 1178 2109 est
1188 2041 1241 2132 1’);
1268 2051 1300 2108 in
1326 2050 1384 2110 hoc
1407 2053 1486 2109 enim
1510 2051 1574 2127 Dy-

258 2167 360 2208 manes
392 2152 423 2207 et
454 2147 578 2224 Hylleos
610 2148 770 2220 recenseri,
807 2147 843 2206 de
875 2148 1049 2225 Pamphylia
1081 2167 1151 2207 vero
1188 2167 1351 2224 paucarum
1388 2148 1575 2208 familiarum

258 2246 391 2305 membra
419 2245 566 2305 affinitate
590 2244 729 2305 videlicet
751 2246 800 2305 vel
828 2245 888 2305 alia
917 2265 1094 2322 quacunque
1118 2265 1208 2306 carrea
1236 2265 1303 2305 oum
1327 2246 1389 2306 illis
1413 2249 1576 2306 coniuncta

259 2344 330 2404 addi
352 2343 447 2404 Paton
477 2345 550 2403 satis
577 2343 731 2420 probavit,
758 2344 829 2403 licet
856 2362 915 2404 non
938 2363 1039 2404 omnes
1064 2363 1140 2420 quae
1167 2345 1224 2403 hoo
1240 2337 1385 2422 ¹catalogo
1414 2349 1576 2404 moventur

260 2442 454 2502 difficultates
478 2433 709 2522 expediverIt.¹³)

348 2549 396 2608 Ad
419 2551 563 2627 genuinos
586 2548 711 2609 tribules
736 2549 915 2608 accedebant
937 2549 969 2623 ii,
993 2549 1044 2625 qui
1066 2550 1132 2627 lege
1155 2549 1205 2608 rel
1228 2549 1346 2608 decreto
1369 2549 1502 2608 universi
1521 2569 1575 2626 po-

259 2647 323 2724 puli
342 2648 464 2706 civitate
479 2646 582 2707 donati
601 2650 696 2721 erant,
714 2646 765 2706 sed
780 2667 806 2706 v.
818 2647 859 2705 43
879 2646 920 2720 id,
937 2647 1017 2723 quod
1032 2647 1069 2706 de
1083 2647 1129 2705 his
1144 2647 1325 2724 postulatur,
1343 2648 1494 2726 integrum
1513 2666 1575 2706 non

259 2747 320 2804 iam
340 2744 431 2804 adest.
464 2744 561 2804 Paton
578 2745 611 2803 in
630 2744 731 2821 lapide
750 2763 912 2822 agnoscens
933 2737 960 2804 Ε
1026 2736 1401 2825 ΤΗΣΚΑΙΙΑΜΑΤΗ
1545 2739 1573 2804 Ε

259 2844 433 2902 restituerat
459 2841 509 2902 καὶ
537 2843 616 2914 τίνος
643 2837 781 2921 ἐ[νά]της
807 2839 857 2902 καὶ
880 2836 1010 2922 ἀμάτη[ς
1036 2836 1131 2921 ἕλαχ]ε
1155 2845 1198 2916 et,
1225 2846 1262 2901 ut
1289 2843 1401 2902 formas
1429 2845 1575 2902 sermonis

260 2941 423 3000 communis
455 2939 633 3015 defenderet,
666 2941 704 2999 ad
736 2941 853 3016 aliquot
884 2942 1006 2999 nomina
1038 2940 1170 3018 catalogi
1197 2940 1279 2998 illius
1307 2939 1410 2999 eodem
1439 2958 1575 3000 sermone

259 3041 372 3115 scripta
399 3040 582 3114 provocavit.
637 3038 679 3097 At
706 3038 767 3098 alia
798 3041 843 3098 est
870 3041 1037 3113 nominum,
1066 3038 1126 3098 alia
1154 3037 1268 3114 publici
1296 3038 1406 3097 decreti
1430 3039 1576 3112 condicio,

260 3139 291 3195 et
317 3155 384 3195 oum
411 3155 466 3212 per
491 3139 589 3194 totum
616 3137 767 3212 reliquum
794 3137 945 3195 decretum
972 3154 1059 3195 voces
1086 3155 1101 3194 e
1125 3137 1190 3213 lege
1219 3136 1341 3194 dialecti
1368 3135 1495 3195 Doricae
1524 3136 1576 3194 de·

259 3233 420 3308 clinentur,
451 3234 507 3292 hoo
539 3253 598 3292 uno
630 3235 696 3292 loco
728 3235 824 3312 legem
856 3235 1024 3311 neglectam
1056 3253 1119 3292 esse
1151 3235 1214 3293 veri
1251 3233 1487 3292 dissimillimum
1519 3237 1575 3306 est,

260 3333 435 3409 praesertim
461 3350 529 3390 oum
556 3334 601 3390 ita
628 3335 749 3408 insuper
772 3350 830 3391 vox
856 3331 992 3391 inaudita
1014 3329 1112 3408 ἀμάτη
1139 3332 1273 3408 prodeat.
1320 3331 1495 3391 Rectissime
1517 3333 1576 3409 igi·

259 3433 310 3487 tur
327 3429 451 3488 Bechtel
473 3431 504 3488 et
521 3429 727 3488 llli'dlensiefen
752 3430 959 3507 supplementa
978 3429 1101 3488 Patonis
1124 3431 1290 3489 reiecerunt
1314 3433 1345 3488 et
1363 3433 1575 3507 argumentum

351 3620 377 3685 8)
406 3615 465 3671 noli
483 3615 572 3686 igitur
590 3617 711 3684 credere,
733 3617 809 3686 quod
828 3615 958 3686 Toepffer
975 3619 1044 3686 (Art.
1062 3617 1172 3672 Gersaol.
1194 3620 1254 3688 193)
1275 3621 1303 3672 et
1321 3615 1432 3686 Herzog
1451 3617 1486 3674 de
1504 3617 1574 3672 iuria

261 3695 337 3764 qnod
355 3697 472 3750 vocatur
489 3696 610 3750 materni
634 3697 711 3766 apnd
730 3696 800 3752 Coos
822 3696 951 3766 reliquiis
975 3696 1183 3764 concluserunt3
1210 3697 1245 3750 de
1263 3697 1363 3766 paucis
1381 3697 1452 3764 illis,
1476 3698 1525 3767 qni
1544 3699 1575 3752 in

260 3775 355 3830 indice
377 3775 422 3830 ius
445 3793 460 3830 e
485 3777 576 3831 matre
600 3776 738 3832 deducere
759 3777 899 3844 ridentur,
928 3778 953 3831 si
976 3778 1060 3831 modo
1084 3777 1239 3844 deducunt,
1263 3795 1308 3834 res
1331 3776 1415 3832 aliter
1438 3777 1574 3848 explicari

261 3857 368 3925 potest:
389 3856 424 3910 cf.
439 3854 542 3912 Kaibel
562 3856 635 3912 Gdtt.
652 3857 709 3912 aaz.
724 3859 795 3913 Aur.
818 3863 886 3911 1900
904 3875 931 3927 p.
947 3863 1030 3926 bouq.

352 3938 378 4005 9)
406 3936 450 3989 ius
475 3937 551 4007 apud
570 3936 783 3992 Demotionidas
805 3938 955 3992 iurandum
982 3945 1111 4007 μαρτυρῶ
1135 3935 1168 3992 ὃν
1187 3936 1292 4009 εἰσάγει
1316 3937 1417 3993 taurus
1440 3939 1492 3993 btv
1511 3929 1574 3993 ἔναι

261 4020 344 4071 voror
367 4015 483 4085 γνήσιον
507 4017 538 4088 ἐγ
563 4024 684 4086 γαμετῆς
706 4018 841 4088 (Dittenb.
862 4018 944 4090 Syll.²
962 4023 1013 4072 499
1038 4035 1062 4072 v.
1083 4020 1192 4088 109sq.)
1212 4035 1229 4072 a
1252 4017 1360 4072 Patone
1379 4021 1574 4087 comparatum

261 4095 379 4166 paulum
398 4095 508 4151 diversa
526 4097 596 4151 mibi
614 4097 726 4152 videtur
742 4099 861 4153 ratione.

335 4178 379 4247 10)
408 4175 442 4231 of.
458 4177 548 4231 Pston
567 4179 584 4231 l.
599 4195 620 4232 c.
636 4196 663 4246 p.
679 4183 729 4232 941
737 4196 797 4248 sqq.

335 4259 379 4324 11)
401 4257 489 4312 Iuscr.
504 4257 538 4323 of
550 4257 601 4313 Ooa
614 4275 641 4311 n.
653 4263 713 4324 368,
733 4259 767 4312 cl.
784 4259 819 4313 de
838 4275 871 4314 eo
889 4275 964 4313 nunc
982 4258 1159 4327 potissimum
1179 4258 1287 4328 Herzog
1304 4261 1379 4314 Berl.
1390 4259 1572 4331 &tanqam

264 4342 331 4391 1901
352 4355 379 4406 p.
395 4341 454 4390 480.

335 4419 380 4487 12)
408 4417 485 4485 quod
507 4416 549 4472 ibi
573 4419 671 4472 contra
694 4418 800 4473 decreti
823 4420 909 4474 verba
927 4417 1110 4490 dtcyevplvor
1127 4419 1177 4473 καὶ
1197 4417 1251 4474 τὰν
1270 4419 1364 4489 uelde
1386 4419 1506 4491 singulis
1524 4419 1573 4474 ho·

262 4496 386 4550 minibus
408 4497 499 4551 tribus
522 4514 579 4552 non
598 4497 756 4565 meribitur,
780 4514 902 4568 napaeos
926 4499 1046 4553 duarum
1068 4499 1193 4553 tribuum
1212 4501 1365 4569 separatim
1382 4499 1491 4555 indices
1509 4517 1573 4555 con·

262 4577 364 4631 fecisse
387 4577 469 4631 etin
491 4578 637 4647 utriusque
661 4578 763 4646 capite,
792 4579 868 4648 qnod
889 4579 983 4650 periit,
1008 4595 1110 4634 nomen
1133 4579 1224 4634 tribus
1246 4580 1462 4650 praescripsisse
1484 4579 1574 4635 Patcn

263 4659 347 4712 acute
366 4657 494 4712 coniecit.

337 4739 381 4807 19)
411 4736 445 4790 cf.
465 4737 556 4792 Paton
574 4737 592 4792 l.
609 4755 631 4792 c.
651 4757 677 4808 p.
694 4744 792 4808 257sq.
812 4743 841 4793 et
859 4738 970 4810 Herzog
987 4759 1015 4808 p.
1032 4745 1095 4808 ¹883
1119 4743 1220 4794 notatu
1239 4740 1327 4811 digna
1345 4757 1380 4795 ea
1397 4741 1575 4811 potissimum

264 4816 380 4871 nomina
399 4816 566 4872 feminarum
585 4821 659 4884 sunt,
678 4835 751 4886 quae
769 4818 888 4874 formam
905 4819 1030 4874 Ionicum
1048 4818 1183 4874 exhibent
1200 4820 1278 4874 velut
1296 4819 1436 4891 Νικοτέρη
1456 4819 1528 4891 (lae
1548 4821 1576 4874 et

264 4895 329 4948 VIII
344 4901 396 4967 70),
416 4893 472 4965 Alq
492 4897 554 4968 (VII
569 4901 621 4968 64),
644 4897 784 4969 Θευδοσίη
804 4899 853 4969 (VI
866 4906 909 4966 21,
924 4898 975 4952 VII
989 4906 1031 4967 55,
1050 4899 1089 4954 III
1104 4903 1156 4970 43).
