3424 5462
254 278 322 344 200
777 276 891 332 ausas
910 275 1050 332 sissia

255 449 420 508 creverunt.
467 447 535 506 Non
561 447 712 524 persuasit
734 445 977 524 Dittenhergero,
1004 445 1057 522 qui
1085 447 1222 523 exempla
1249 446 1437 506 aFouearto
1466 445 1567 506 adlata

254 546 387 623 plurima
410 563 480 606 sane
503 563 562 604 non
586 546 659 604 satis
683 543 792 603 idonea
814 547 893 604 reete
911 537 1094 626 iudicavit.1)
1131 543 1232 603 Unum
1250 547 1351 604 tamen
1370 547 1453 604 extat
1472 563 1566 602 exem-

254 644 339 721 plum
362 643 479 722 insigne
502 647 533 703 et
556 645 682 718 eertum,
712 642 793 718 quod
819 662 856 701 ns
879 642 930 702 ille
958 642 1079 718 quidem
1106 660 1227 718 prorsus
1250 643 1430 719 repudiavit,
1453 643 1568 702 uultum

255 742 335 818 dieo,
364 761 451 818 quem
474 741 671 800 Athenienses
700 759 778 800 anno
803 742 866 800 229
890 740 1020 818 Diogeni
1047 740 1232 816 phruraroho
1260 740 1450 800 Macedonioo
1477 740 1567 799 liber-

254 841 350 900 tatem
377 859 431 916 per
459 857 526 898 eum
554 838 655 914 adepti
682 837 884 897 instituerunt.
930 838 973 898 As
996 839 1065 898 huie
1088 839 1239 917 singulare
1261 838 1435 898 beneficium
1458 839 1567 898 civitas

256 941 412 1015 aooeptum
439 937 558 996 rettulit
583 935 729 1014 singulari
751 936 875 995 honore!
922 936 1012 1010 Sane,
1036 937 1169 996 sednon
1193 939 1319 1010 onustat,
1343 955 1401 1012 quo
1423 935 1567 995 beneficio

255 1034 433 1096 Posidonius
452 1037 531 1093 cives
550 1051 617 1094 suos
637 1033 837 1093 obstrinxerit.
868 1034 1019 1093 Nimirum
1037 1053 1097 1094 non
1116 1035 1227 1111 primos
1241 1034 1471 1113 Aegostheuitas
1490 1037 1567 1094 eius·

255 1134 338 1192 modi
353 1133 477 1192 honores
492 1132 664 1206 decrevisse,
684 1132 736 1191 sed
749 1132 848 1207 ipsum
861 1132 937 1190 illud
950 1132 1178 1192 Atheniensium
1197 1133 1363 1209 exemplum
1382 1151 1432 1192 eos
1453 1131 1566 1190 imitari

256 1231 319 1290 veri
338 1231 436 1290 simile
455 1233 506 1290 est.
540 1229 652 1299 Quodsi
666 1230 844 1290 coniecturis
862 1231 961 1289 loonm
980 1229 1050 1290 dare
1064 1231 1144 1306 licet,
1163 1233 1261 1290 neseio
1276 1249 1315 1289 an
1330 1231 1435 1289 similis
1450 1229 1567 1290 oooasio

256 1331 349 1389 fuerit
367 1329 602 1404 Posidoniusque
622 1328 673 1386 ille
692 1327 727 1387 de
741 1327 1024 1406 Aegosthenitarum
1042 1347 1061 1388 a
1079 1329 1200 1389 Boeotis
1224 1328 1262 1388 ad
1279 1328 1413 1388 Achaeos
1435 1328 1567 1388 1111111111

256 1421 350 1509 (anno
375 1418 732 1507 a.Ohr.n.192)hene
756 1427 879 1485 meritus
908 1418 984 1507 sit.²)
1030 1427 1098 1486 Tali
1124 1427 1186 1486 fere
1212 1428 1329 1486 ratione
1352 1425 1444 1486 etiam
1470 1427 1567 1502 ipsius

256 1526 368 1586 Aretes
391 1524 513 1585 donatio
536 1524 643 1584 melius
666 1524 859 1602 intellegitur.
901 1523 994 1583 Nullo
1018 1525 1097 1583 enim
1118 1525 1193 1585 haee
1216 1526 1370 1602 sanguinis
1393 1528 1447 1584 aut
1470 1523 1567 1584 affini-

255 1625 329 1684 tatis
352 1624 471 1683 vinculo
496 1641 561 1681 oum
586 1621 746 1682 Posidonio
770 1623 929 1681 coniuncta
949 1623 1042 1681 fuisse
1065 1623 1196 1698 videtur,
1224 1624 1298 1700 quia
1321 1621 1353 1680 id
1374 1623 1456 1681 haud
1479 1622 1568 1682 dubie

255 1725 287 1782 in
310 1721 496 1782 dedicatione
518 1719 688 1779 indicasset.
725 1719 834 1780 Amore
857 1719 953 1798 igitur
975 1723 1091 1797 patriae
1113 1725 1261 1781 commota
1279 1740 1401 1798 operam
1419 1720 1512 1794 dedit,
1534 1723 1568 1779 ut

255 1822 381 1880 honores
405 1820 586 1898 augerentur
609 1819 682 1877 civis
706 1819 823 1894 patn'ae
847 1819 983 1878 amantis.

346 1916 431 1988 Quod
459 1916 586 1992 denique
612 1916 716 1974 fanum
740 1917 906 1992 appellavit
929 1915 1143 1994 Ποσειδώνιον,
1166 1919 1295 1993 primum
1319 1917 1445 1976 fortasse
1468 1917 1568 1994 negle-

256 2016 354 2096 genda
376 2035 437 2075 non
459 2019 506 2075 est
529 2009 691 2074 difficultas
715 2014 861 2090 quaedam
885 2033 903 2074 a
925 2016 1045 2074 nomine
1075 2013 1209 2074 derivato
1233 2013 1435 2086 Ποσειδώνιος
1458 2016 1568 2073 iterum

257 2114 437 2175 adieetivum
461 2114 661 2188 possessivum
685 2115 790 2188 aptum
813 2111 975 2172 derivandi.
1012 2112 1126 2171 Deinde
1146 2131 1216 2172 vero
1240 2112 1329 2172 facile
1348 2112 1413 2172 fieri
1434 2114 1569 2188 potuisse

254 2215 338 2290 puto,
361 2216 396 2272 ut
418 2211 473 2272 ifle
496 2211 532 2270 de
551 2209 699 2270 industria
718 2210 890 2289 ambiguum
908 2229 1016 2270 nomen
1035 2209 1187 2288 deligeret
1210 2229 1269 2286 quo
1288 2228 1373 2270 saera
1392 2229 1426 2270 ao
1444 2211 1568 2270 numina

255 2311 385 2370 hominis
408 2312 438 2368 et
462 2308 511 2367 dei
534 2307 752 2384 quodammodo
776 2306 976 2367 confunderet.
1014 2307 1105 2368 (iuius
1129 2309 1246 2367 oonsilii
1268 2310 1368 2368 nescio
1387 2328 1425 2367 an
1443 2307 1476 2366 id
1494 2328 1567 2385 quo·

256 2429 313 2486 que
336 2406 498 2487 vestigium
521 2409 569 2482 sit,
593 2406 673 2484 quod
696 2423 761 2464 eam
784 2410 901 2482 partem
923 2407 1013 2483 horti,
1036 2425 1113 2483 quae
1136 2404 1211 2486 πρὸς
1233 2405 1390 2466 θάλασσαν
1412 2407 1472 2467 sita
1495 2410 1568 2480 erat,

257 2506 415 2567 dedicavit.

346 2719 397 2774 th.
423 2716 534 2772 Tabula
550 2719 695 2773 marmoris
710 2718 768 2772 albi
782 2719 898 2772 inventa
911 2718 941 2772 iu
954 2718 1043 2772 ruinis
1058 2718 1281 2788 Amphiaraei
1295 2717 1415 2788 Oropii
1433 2717 1525 2772 traete
1538 2717 1568 2770 in

256 2801 432 2870 hesperius,
450 2815 568 2868 quarum
582 2799 612 2852 in
627 2799 770 2869 superiore
785 2798 833 2853 hio
851 2798 960 2866 titulus,
979 2799 1009 2852 iu
1022 2797 1117 2852 media
1130 2813 1239 2868 paneae
1253 2798 1374 2864 litterae,
1393 2798 1423 2852 iu
1437 2799 1569 2852 inferiore

256 2879 352 2934 nullae
371 2879 568 2950 dispiciuntur.
595 2875 994 2948 Ε1111.Ιιοοιιιιιᾱο1Ἐφ.Ἅρχ.
1011 2883 1080 2933 1886
1098 2896 1126 2948 p.
1142 2883 1251 2948 93sqq.‚
1269 2878 1386 2934 Beehtel
1402 2879 1569 2944 leaschuflen

256 2961 283 3016 d.
298 2962 363 3017 Joa.
374 2960 452 3015 Dial.
467 2977 494 3029 p.
508 2965 541 3014 10
555 2977 581 3013 n.
594 2965 636 3027 18,
657 2958 855 3030 Dittenberger
868 2959 1003 3029 Lollingii
1017 2957 1168 3014 collatione
1187 2962 1217 3014 et
1230 2963 1331 3029 ectypo
1346 2959 1494 3014 ehartaoeo
1509 2974 1568 3012 var-

257 3057 338 3096 sunm
354 3045 512 3094 1-191111111
527 3041 547 3094 1
551 3038 637 3096 GVH
652 3044 713 3106 235,
727 3038 876 3094 Hoffmann
894 3039 999 3095 Griech.
1011 3039 1088 3094 Diui.
1103 3039 1141 3092 111
1156 3058 1183 3109 p.
1195 3044 1228 3092 18
1242 3057 1269 3094 n.
1281 3047 1324 3107 95,
1339 3037 1442 3094 Michel
1457 3038 1570 3095 Reeueil

258 3126 323 3188 898,
347 3118 545 3191 Dittonberger
568 3119 650 3190 Syll.²
669 3125 734 3187 689,
763 3118 889 3174 Solmsen
912 3121 999 3174 lusor.
1017 3119 1065 3174 Gr.
1083 3120 1121 3175 ad
1144 3121 1251 3174 inluetr.
1267 3119 1396 3175 dialectos
1413 3121 1459 3174 sel.
1478 3138 1505 3173 11.
1526 3123 1568 3172 50.

257 3201 297 3256 Of.
317 3204 463 3271 praetores
481 3217 505 3254 v.
520 3199 930 3254 Wilamoaitz-Moellendorff
951 3201 1065 3255 Hermes
1086 3199 1151 3253 XXI
1168 3217 1195 3270 p.
1211 3205 1244 3254 91
1253 3218 1327 3270 sqq.‚
1356 3198 1502 3254 Diirrbaeh
1525 3200 1570 3254 De

259 3281 348 3350 Oropo
367 3287 393 3336 et
406 3281 575 3350 Amphiarai
589 3297 667 3336 sacro
685 3299 713 3350 p.
724 3286 851 3349 ll‘lsqq.‚
871 3279 1069 3349 Dittenberger
1086 3281 1132 3334 De
1145 3281 1232 3336 saers'e
1246 3281 1415 3349 Amphiarai
1431 3281 1570 3334 Thebanis

257 3369 283 3418 ai
303 3361 419 3432 Oropiis.
448 3361 512 3415 Iud.
527 3362 596 3416 Hal.
617 3365 699 3426 1889,
727 3359 791 3415 Keil
811 3361 976 3430 Anonymus
994 3362 1107 3432 Argaei.
1126 3378 1154 3430 p.
1170 3363 1223 3414 304
1242 3363 1272 3414 et
1290 3365 1350 3414 899.

856 3507 981 3572 Θεοί.

391 3641 457 3706 Τὸν
480 3641 568 3720 ἱερέα
591 3644 649 3705 τοῦ
670 3638 870 3720 Ἀμφιαράου
894 3643 1014 3720 φοιτᾶν
1037 3639 1082 3705 εἰ(
1104 3640 1142 3705 τὸ
1166 3637 1274 3726 leptis,
1299 3640 1430 3705 ἐπειδὰν
1450 3641 1570 3718 χειμὼν

310 3749 471 3827 rupetae,
496 3748 585 3827 μέχρι
609 3747 730 3826 ἀρότου
754 3745 848 3832 utplus
878 3749 918 3826 μὴ
942 3748 1044 3812 πλέον
1068 3747 1276 3812 διαλείποντα
1298 3747 1317 3824 ἢ
1342 3749 1427 3826 τρεῖ(
1450 3747 1570 3825 ἡμέρας

275 3857 362 3921 οιαὶ
388 3853 399 3937 ΙΙ
426 3855 532 3934 μένειν
561 3854 596 3920 ἐν
624 3857 675 3920 τοῑ
706 3854 788 3933 ἱεροῑ
820 3855 860 3934 μὴ
895 3853 1032 3919 ἔλαττον
1059 3854 1078 3931 ἢ
1106 3854 1185 3919 δέκα
1216 3851 1345 3938 ἡμέραΙι
1377 3857 1436 3918 τοῦ
1471 3855 1570 3934 μηνὸε

257 3990 471 4001 ———

349 4067 374 4136 1)
402 4065 480 4120 velut
503 4064 579 4133 quod
603 4064 751 4119 sollemnia
774 4064 914 4134 quaedam
937 4064 1050 4119 honoris
1073 4063 1196 4118 hominis
1219 4063 1365 4118 cuiusdam
1388 4079 1473 4118 eausa
1499 4063 1571 4118 eele-

257 4146 376 4201 brantnr
398 4145 515 4214 eiusque
538 4145 650 4199 nomine
673 4145 868 4216 significantur
890 4145 1176 4214 (ο11.78111191),
1200 4144 1267 4199 inde
1289 4160 1345 4198 non
1369 4143 1468 4198 statim
1491 4143 1571 4212 sequi

257 4225 301 4280 illi
319 4226 428 4280 homini
446 4225 503 4296 ipsi
522 4241 601 4280 saera
620 4225 697 4280 iacta
715 4242 776 4280 esse
794 4225 873 4280 Dttb.
892 4225 1014 4292 monuit3
1033 4227 1121 4280 etiam
1139 4227 1311 4279 testamenta
1329 4223 1484 4294 Epictetum,
1504 4223 1571 4278 Dio-

256 4307 397 4360 medontis
421 4307 450 4362 et
473 4306 498 4360 si
521 4306 570 4374 qui
593 4305 699 4360 similes
722 4309 788 4360 sunt
810 4305 901 4373 tituli,
926 4305 1093 4360 removenda
1117 4309 1194 4373 sunt,
1222 4305 1290 4374 quia
1312 4305 1342 4358 in
1365 4304 1410 4358 his
1428 4305 1463 4359 ds
1483 4305 1571 4359 saeris

257 4385 383 4457 privatis,
402 4404 458 4441 non
477 4385 599 4456 publicis
618 4386 720 4457 egitur.
886 4421 888 4424 ⁴

346 4469 373 4536 2)
401 4466 485 4521 tertio
510 4483 577 4521 sane
603 4483 627 4520 a.
648 4465 711 4521 Chr.
731 4466 843 4521 saeoulo
867 4468 983 4536 propter
1005 4465 1195 4520 litteraturam
1218 4465 1320 4519 titulus
1345 4464 1493 4532 tributum,
1522 4465 1571 4519 sed

257 4561 354 4602 vereor
372 4563 408 4602 ns
426 4563 526 4617 parum
545 4547 619 4602 inter
637 4547 707 4601 duos
722 4547 845 4602 diversos
860 4547 967 4612 titulos,
987 4547 1035 4617 qui
1049 4546 1080 4600 in
1093 4545 1146 4601 hoo
1160 4545 1257 4616 lapide
1270 4546 1411 4615 leguntur,
1430 4545 1571 4600 discerne·

257 4629 311 4681 tur.
354 4626 504 4681 Decretum
526 4627 676 4696 proxeniae
704 4627 733 4680 in
758 4628 850 4697 eapite
873 4627 978 4697 lapidis
1001 4626 1168 4696 inscriptum
1191 4642 1251 4681 esse
1275 4625 1321 4679 ΙΠ.
1343 4625 1448 4680 saeculi
1473 4629 1572 4679 auctor

259 4707 302 4760 est
316 4705 408 4773 Pone..
427 4709 457 4761 et
475 4707 510 4761 ob
529 4706 560 4760 id
579 4707 672 4776 ipsum
691 4707 737 4761 hie
751 4706 852 4762 titulus
867 4707 994 4762 eiusdem
1008 4705 1110 4762 astatis
1125 4723 1185 4760 esse
1199 4707 1307 4775 nequit,
1325 4722 1393 4760 nam
1406 4705 1571 4776 priusquam

258 4785 342 4840 homo
370 4787 496 4855 privatus
520 4787 640 4842 eundem
659 4786 783 4857 lapidem
802 4789 832 4840 in
856 4804 937 4842 suum
960 4805 1043 4841 usum
1066 4788 1252 4852 converteret,
1279 4802 1335 4840 non
1358 4801 1464 4856 paucos
1483 4801 1572 4840 annos

258 4866 448 4920 intercessisse
466 4869 553 4936 patet.
