3450 5458
677 334 834 392 ΑἸἭΟΑΕ
854 355 881 392 n.
896 343 931 392 44
1399 340 1460 404 127

151 507 218 566 turn
237 506 310 582 qnia
328 503 536 584 είσήνενκεν
554 501 587 566 δὲ
600 503 651 564 καί
668 505 884 584 ψηφίσματα
902 503 950 567 ἐπὶ
968 513 1020 568 τῶι
1038 504 1215 587 συνφίροντι
1234 507 1293 568 ἴνα
1311 525 1463 570 συνστα-

142 607 258 663 λῶσιν
282 603 321 663 αί
342 602 423 664 λίαν
446 599 590 683 άπαιροι
613 603 785 683 δαπάναι,
808 602 981 686 ἐφρόντισεν
1004 601 1036 665 δὲ
1054 612 1107 666 τοῦ
1125 603 1176 666 καλ
1194 605 1263 678 τοῦς
1285 605 1463 685 δημοτικούς

148 699 278 780 μετέχειν
295 709 354 762 τῶν
373 699 541 780 δεδομένων
559 699 618 762 ent
641 710 701 762 τῶν
719 698 877 784 δργεώνων
893 703 1128 784 φιλανθρώπων,
1153 701 1345 764 διατετέλεκεν
1363 701 1463 766 δὲκαὶ

145 803 436 880 ,συνλειτουργῶν
450 797 487 860 ἐν
501 805 576 872 τοῖς
593 797 763 881 άγερμοῐς
781 799 933 874 καλιαῖς
951 800 1143 883 στρώσεσιν
1157 807 1235 876 ταῖς
1249 801 1389 881 ίερήαις
1403 807 1462 863 κτλ.

146 889 211 978 (Ιθ
234 898 266 958 Π
289 899 386 976 suppl.
406 891 518 981 ereb).
564 899 610 958 Ac
637 899 745 975 quibus
773 899 887 960 duabus
914 900 947 959 in
969 900 1057 961 rebus
1081 899 1228 960 Ohameas
1251 901 1304 960 ille
1327 901 1463 961 sacerdo-

142 1001 191 1056 tes
215 996 346 1074 adiuvit,
376 997 413 1056 de
440 997 547 1058 iisdem
570 997 644 1074 ipsis
662 997 719 1056 hoc
741 997 840 1073 priore
863 999 982 1058 decreto
1005 1017 1140 1058 normam
1163 1000 1306 1059 constitui
1330 998 1464 1059 videmus

145 1113 174 1153 v.
195 1095 283 1172 deor
312 1095 534 1176 στρωννύειν
561 1095 695 1175 θρόνους
723 1092 778 1155 δύο
802 1129 845 1137 -
867 1129 931 1176 -‚
959 1093 1143 1176 περιτιθέναι
1167 1092 1197 1156 δὲ
1221 1101 1285 1169 ταῖς
1312 1095 1464 1175 φιαληφό-

144 1213 211 1272 ραις
235 1225 277 1234 ——
301 1225 345 1242 *-
368 1227 412 1236 -
435 1191 473 1254 ίν
500 1202 561 1254 τῶι
589 1191 745 1274 ἀγερμῶι
771 1192 884 1272 κόσμον
906 1191 1065 1276 ἀργυροῦν.
1112 1194 1272 1266 Quaeritur
1299 1215 1376 1273 quae
1405 1197 1463 1255 sol-

144 1291 259 1350 lemnia
291 1291 437 1352 dicantur.
498 1291 689 1372 Στρωννύειν
723 1296 753 1352 et
789 1281 908 1353 similes
932 1313 1020 1353 voces
1051 1294 1083 1352 in
1116 1312 1148 1352 re
1179 1312 1266 1353 sacra
1298 1294 1395 1354 solent
1426 1294 1463 1353 de

144 1389 338 1452 lectisterniis
365 1393 517 1468 usurpari,
550 1409 643 1468 quare
670 1390 759 1450 facile
787 1391 819 1451 in
847 1394 977 1452 mentem
1005 1393 1089 1451 venit
1115 1391 1233 1451 decreto
1261 1393 1284 1450 I
1287 1393 1315 1452 G
1342 1392 1462 1452 11622

143 1480 271 1571 (Michel
286 1481 364 1571 982)
384 1489 567 1550 sacerdotem
590 1507 753 1567 orgeonum
771 1489 918 1570 Κράτειαν
936 1490 1056 1550 landari
1074 1487 1175 1568 ἐπειδὴ
1194 1523 1239 1532 -
1256 1523 1302 1532 -
1319 1487 1462 1571 ἔστρωσεν

145 1583 179 1647 δὲ
202 1584 253 1647 καί
275 1586 382 1665 κλίνην
404 1586 446 1659 είς
469 1585 622 1669 ἀμφότερα
645 1585 680 1646 τά
699 1579 849 1648 Ἀττίδειιι
892 1588 950 1648 Ηίο
972 1591 1075 1648 τουτου
1099 1591 1241 1664 quoniam
1264 1609 1324 1650 non
1347 1567 1462 1668 κλίνην,

144 1685 199 1744 sed
223 1683 355 1764 θρόνους
374 1684 429 1746 δύο
453 1689 585 1748 sternere
602 1685 752 1761 iubentur,
774 1689 873 1747 nescio
893 1707 932 1748 an
950 1688 1042 1747 sellae
1061 1687 1209 1764 dicantur,
1228 1707 1354 1763 quarum
1373 1688 1462 1749 alteri

144 1784 244 1842 Mater
271 1784 352 1860 ipsa,
379 1783 468 1843 alteri
494 1784 577 1844 Attis
605 1783 749 1844 insideret
775 1803 842 1844 cum
870 1786 902 1844 in
925 1804 1035 1863 pompa
1057 1785 1194 1846 sollemni
1222 1779 1461 1868 ducebantur.¹⁹)

145 1880 197 1939 Ad
221 1881 345 1940 eandem
368 1899 508 1958 pompam
532 1900 593 1941 non
615 1881 720 1942 dubito
738 1884 812 1960 quin
830 1883 885 1943 illa
903 1883 940 1943 de
958 1881 1074 1966 ἀγερμῷ
1097 1887 1257 1961 praecepte
1276 1886 1462 1961 pertineant,

144 1975 274 2058 ἀγερμός
305 1980 486 2038 mendicatio
519 1998 604 2040 sacra
636 1973 731 2062 eset)
765 1999 800 2040 ao
831 1983 988 2043 notissima
1021 1983 1140 2058 quidem
1171 1983 1304 2059 ipsorum
1335 1983 1462 2062 Magnae

144 2077 230 2136 Deae
248 2079 462 2138 ministrorum.
499 2077 557 2138 Hic
581 2083 680 2138 tamen
698 2071 912 2161 menstruas²¹)
931 2080 1163 2141 mendicationes
1182 2081 1260 2156 illae,
1278 2081 1330 2140 ubi
1349 2103 1460 2162 μητρα-

144 2172 253 2254 γύρται
280 2193 335 2235 sua
361 2176 458 2255 magis
488 2195 578 2252 quam
605 2177 678 2237 deae
705 2179 804 2256 matie
834 2179 942 2255 stipem
970 2179 1109 2258 colligere
1137 2178 1286 2256 solebant,
1319 2199 1379 2239 non
1402 2179 1463 2240 dici

144 2276 246 2350 patet3
269 2274 360 2334 imm0
380 2275 532 2335 sollemnis
551 2294 587 2334 ea
608 2276 787 2336 mendicatio
807 2275 925 2352 dicitnr,
945 2297 1021 2354 qnae
1039 2277 1090 2336 ubi
1109 2277 1204 2338 Deam
1222 2296 1334 2354 pompa
1352 2277 1461 2352 celebri

145 2375 178 2430 et
200 2372 364 2433 multisona
387 2392 441 2450 per
464 2374 567 2433 urbem
589 2373 745 2452 ducebant,
768 2374 872 2449 fiebat3
895 2375 951 2434 hac
975 2378 1053 2434 enim
1077 2375 1230 2436 occasione
1253 2376 1320 2452 ipse
1343 2395 1461 2452 quoquc

145 2469 258 2547 stipem
281 2471 437 2531 collectam
462 2491 525 2532 esse
548 2475 674 2549 constat,
699 2473 735 2532 ci.
754 2492 779 2532 e.
794 2494 821 2552 g.
842 2470 927 2533 Ovid.
947 2493 982 2532 er
1004 2474 1089 2534 Pont.
1107 2473 1124 2531 Ι
1149 2477 1164 2532 1
1191 2493 1218 2532 v.
1239 2475 1294 2533 39:

406 2611 474 2665 ante
496 2606 583 2666 deum
605 2608 737 2668 Matrem
760 2624 850 2667 οσνκυ
874 2607 976 2668 tibicen
999 2609 1113 2668 πάσαιτο

460 2721 528 2765 cum
552 2707 639 2782 conii,
662 2708 783 2781 ecipuoe
806 2708 872 2780 quis
894 2708 978 2780 slipis
1002 2723 1073 2766 cero
1094 2707 1203 2781 nepot?

146 2837 249 2913 Atque
272 2839 365 2898 etiam
389 2837 587 2918 ecclopleno
598 2831 638 2920 ¹²)
671 2840 792 2915 mentio,
821 2839 877 2900 etsi
905 2843 1051 2914 accurate,
1079 2859 1138 2916 quo
1164 2839 1364 2917 pertinuerint
1390 2839 1460 2900 illae

146 2935 281 3011 phialae,
304 2936 364 2996 dici
386 2929 555 3016 nequit²³),
583 2955 650 2996 cum
672 2958 783 3014 pompa
805 2941 907 2997 tamen
934 2939 1046 3014 optime
1074 2940 1226 3012 convenit3
1253 2939 1388 3014 suspicor
1410 2956 1461 2997 eas

147 3052 267 3092 currum
291 3033 363 3094 deae
386 3037 595 3111 praecessisse,
618 3055 685 3095 cum
709 3037 787 3095 alise
809 3037 928 3112 puellae
952 3038 1031 3096 circe
1053 3035 1226 3096 incederent
1249 3025 1297 3118 (αἱ
1316 3033 1383 3115 περὶ
1405 3033 1461 3112 τὴν

145 3129 223 3192 θεὸν
250 3121 360 3213 οὖσαι).
415 3132 471 3193 His
502 3133 637 3210 utrisque
670 3137 769 3194 autem
801 3133 881 3211 qnod
907 3131 1020 3212 κόσμον
1052 3130 1203 3214 ἀργυροῦν
1234 3132 1377 3210 praebere
1409 3133 1460 3192 de-

145 3229 219 3289 bent
251 3229 432 3306 sacerdotes,
468 3231 659 3308 premendam
693 3237 767 3308 puto
799 3250 901 3292 vocem
933 3228 1084 3312 ἀργυροῦν
1117 3236 1147 3292 et
1178 3235 1210 3290 in
1243 3229 1299 3291 hac
1330 3231 1397 3308 ipsa
1428 3251 1460 3290 re

146 3331 291 3389 maiorem
314 3334 466 3407 sumptum
494 3333 688 3392 extenuatum
712 3349 774 3390 esse
802 3348 841 3390 sc.
864 3349 901 3389 ne
925 3331 1008 3390 aurei
1031 3349 1188 3407 expensam
1212 3331 1358 3407 facerent,
1386 3349 1459 3407 qua-

222 3539 265 3606 19)
283 3535 361 3592 Deae
379 3537 561 3591 simulacrum
578 3537 608 3590 in
626 3551 732 3606 pompa
750 3537 986 3608 metragyrtarnm
1002 3536 1118 3590 ductum
1132 3551 1193 3592 esse
1208 3537 1326 3604 constat,
1345 3535 1380 3590 of.
1396 3551 1419 3590 e.
1432 3553 1458 3606 g.

148 3615 199 3670 Or.
214 3617 280 3671 fast.
295 3617 334 3672 [v
345 3621 396 3671 185
415 3619 478 3688 ipsc
495 3617 590 3673 sedasse
607 3617 685 3673 eniti
701 3619 829 3674 comitum
847 3618 946 3672 cervice
963 3617 1066 3683 feretur
1083 3618 1160 3672 urbis
1175 3617 1349 3684 μαντοσύναι
1364 3619 1459 3672 ιωιιίκ

147 3699 207 3752 lata
225 3701 294 3754 cias.
327 3697 413 3752 Plura
431 3697 595 3754 testimonia
613 3697 711 3754 attulit
725 3697 863 3752 Wiesowa
881 3697 1135 3768 astipulentur
1152 3695 1178 3749 (ί.
1195 3697 1295 3752 Ιδδοιιν
1313 3715 1340 3765 p.
1356 3702 1458 3766 ittsq.

220 3789 265 3856 20)
289 3786 324 3843 cf.
344 3803 418 3856 qnae
436 3787 553 3858 exposui
572 3787 610 3842 ad
627 3805 655 3842 n.
672 3792 722 3842 116
741 3789 771 3842 et
789 3804 815 3841 n.
834 3791 897 3851 1613
922 3803 979 3840 non
999 3788 1075 3841 reete
1095 3784 1243 3840 confundit
1257 3787 1288 3839 A.
1305 3785 1459 3840 Mommsen

147 3867 230 3923 Festo
249 3867 275 3922 δ.
291 3867 330 3923 St.
345 3868 437 3923 Athen
455 3886 482 3939 p.
498 3873 550 3922 214
573 3864 696 3938 ἀγερμόν
715 3869 744 3922 et
767 3863 902 3937 άγυρμόν,
927 3867 962 3920 de
981 3884 1036 3936 quo
1054 3863 1175 3936 Hesyeh.
1195 3883 1215 3921 a.
1231 3883 1255 3919 r.
1276 3862 1406 3936 ἐκκλησία
1427 3899 1458 3906 -

147 3977 182 3988 -
202 3979 237 3990 -
255 3947 306 4003 καλ
323 3957 379 4004 τῶν
397 3945 557 4018 μυστηρίων
575 3945 665 4019 ἠμίρα
683 3949 787 4018 πρώτη.

143 4110 147 4116 ⁴
221 4040 266 4116 21)
285 4039 360 4093 unde
379 4037 562 4112 μηναγύρται,
582 4038 617 4094 cf.
632 4037 746 4093 Lobeek
765 4039 900 4109 Aplocplr.
919 4055 947 4107 p.
963 4042 1023 4091 tto.

221 4129 266 4197 ιι)
286 4130 520 4182 commemoretur
537 4129 685 4198 praeterea
703 4126 779 4196 apud
798 4125 900 4180 Locros
918 4126 1015 4196 puelle
1034 4125 1219 4198 φιαληφύρσς,
1238 4126 1273 4181 de
1293 4142 1349 4194 qua
1363 4125 1459 4195 Polyb.

148 4205 202 4260 XII
220 4211 273 4274 t,'9
297 4205 367 4276 trip
391 4214 441 4276 τῆς
466 4205 647 4277 φιαληφόρου
669 4203 740 4276 παρ’
761 4207 857 4270 αὐτοῖς
880 4205 1028 4278 λεγομένης
1045 4206 1160 4276 τοιαύτη
1178 4226 1221 4270 τις
1243 4203 1351 4276 ἱστορία
1369 4225 1459 4274 παρα-

147 4284 249 4342 δίδοτο
272 4285 347 4344 διότι
370 4283 443 4343 καθ’
464 4285 498 4343 ὃν
516 4287 617 4357 καιρόν
635 4288 702 4352 τοῦς
718 4289 855 4352 Σικελοὺς
877 4286 1022 4360 ἐκβάλοιεν
1041 4319 1074 4328 -
1095 4319 1128 4330 -
1149 4319 1181 4328 -—
1201 4282 1240 4342 ὧν
1259 4287 1308 4341 καὶ
1325 4295 1388 4351 ταῖς
1404 4289 1459 4341 θυ-

147 4365 225 4430 σίαις
246 4377 395 4438 προηγεῖτο
417 4377 473 4424 τῶν
492 4368 682 4434 ἐνδοξοτάτων
701 4368 750 4424 καλ
771 4377 826 4424 τῶν
846 4367 1047 4440 εὐγενεστάτων
1070 4367 1204 4440 ὑπάρχων
1222 4375 1303 4435 παις,
1326 4367 1407 4422 αὐτοὶ
1425 4399 1458 4408 -

148 4479 183 4490 -
204 4481 237 4490 -
257 4450 306 4504 καί
329 4457 413 4504 τοῦτο
437 4448 654 4519 διαφυλάττοιεν
672 4445 724 4504 ἀπ’
746 4447 869 4516 ἐκείνων,
892 4447 962 4504 αύτδ
985 4447 1017 4505 δὲ
1041 4455 1123 4504 τοῦτο
1147 4449 1354 4516 διορθώσαιντο
1372 4447 1404 4502 τδ
1422 4447 1460 4518 μὴ

146 4533 240 4585 παῖδα
260 4537 351 4585 ποιεῖν
368 4529 397 4596 ἐξ
416 4530 509 4584 αύτῶν
528 4527 718 4602 φιαληφόρον,
736 4527 806 4584 ἀλλά
823 4527 978 4599 παρθένον.

221 4621 266 4689 23)
289 4617 405 4689 phialae
423 4617 453 4672 in
472 4617 583 4688 pompis
602 4635 659 4674 non
676 4633 739 4673 raro
759 4621 916 4686 occurrunt,
935 4633 958 4673 e.
970 4637 996 4688 g.
1012 4617 1113 4672 Athen.
1124 4615 1185 4687 Vp.
1198 4617 1273 4672 1an
1292 4617 1393 4687 φιάλαι
1407 4617 1459 4674 δύο

146 4708 253 4772 χρυσαῖ
268 4697 387 4761 κασσίας
405 4700 504 4768 μεσταὶ
524 4699 573 4756 ταί
590 4697 695 4769 κρόκον
713 4699 759 4771 (cl.
775 4698 861 4756 etiam
881 4703 931 4752 197
937 4697 957 4754 f.
976 4699 1190 4768 ἐπηκολούθουν
1213 4695 1242 4754 δ’
1262 4699 1338 4769 αὐτῷ
1357 4700 1459 4770 (βωμῷ)

146 4781 250 4844 παῖδες
273 4779 303 4836 ἐν
321 4787 416 4852 γιτῶσι
435 4789 604 4850 πορφυροῖς,
627 4779 783 4852 λιβανωτόν
806 4780 855 4834 καλ
878 4779 1017 4849 σμύρναν,
1041 4779 1081 4834 ἔτι
1104 4777 1134 4834 dl
1157 4777 1261 4848 κρόκον
1285 4779 1332 4834 ἐπὶ
1349 4787 1459 4850 γρυσῶυ

146 4859 313 4932 μαζονόμων
336 4857 492 4930 φέροντες),
516 4857 566 4915 sed
588 4859 683 4915 nmcio
707 4875 743 4914 an
766 4858 890 4930 phialae,
913 4875 986 4929 quae
1009 4858 1147 4912 hocloco
1170 4861 1347 4928 spectantur,
1370 4858 1458 4912 artiiu

146 4958 212 4995 cum
233 4939 309 4994 Deae
328 4939 405 4993 cultu
425 4939 607 5008 cohaereant;
627 4939 662 4995 cf.
678 4940 764 4994 etiam
783 4959 809 4996 n.
828 4945 885 4994 tre.
