<?xml version="1.0" encoding="UTF-8"?>
<!DOCTYPE html PUBLIC "-//W3C//DTD XHTML 1.0 Transitional//EN"
    "http://www.w3.org/TR/xhtml1/DTD/xhtml1-transitional.dtd">
<html xmlns="http://www.w3.org/1999/xhtml" xml:lang="en" lang="en">
 <head>
  <title>
</title>
<meta http-equiv="Content-Type" content="text/html;charset=utf-8" />
  <meta name='ocr-system' content='tesseract 3.04.00' />
  <meta name='ocr-capabilities' content='ocr_page ocr_carea ocr_par ocr_line ocrx_word'/>
</head>
<body>
  <div class='ocr_page' id='page_1' title='image "./legesgraecorums00ziehgoog_0223.png"; bbox 0 0 3424 5462; ppageno 0'>
   <div class='ocr_carea' id='block_1_1' title="bbox 279 299 1071 364">
    <p class='ocr_par' dir='ltr' id='par_1_1' title="bbox 279 299 1071 364">
     <span class='ocr_line' id='line_1_1' title="bbox 279 299 1071 364; baseline -0.01 -1"><span class='ocrx_word' id='word_1_1' title='bbox 279 299 345 364; x_wconf 78' lang='lat'><strong>210</strong></span> <span class='ocrx_word' id='word_1_2' title='bbox 797 300 912 356; x_wconf 72' lang='lat' dir='ltr'><strong>Lucus</strong></span> <span class='ocrx_word' id='word_1_3' title='bbox 931 299 1071 356; x_wconf 81' lang='lat' dir='ltr'><strong>SACRAE</strong></span> 
     </span>
    </p>
   </div>
   <div class='ocr_carea' id='block_1_2' title="bbox 273 468 1590 2701">
    <p class='ocr_par' dir='ltr' id='par_1_2' title="bbox 276 468 1590 1627">
     <span class='ocr_line' id='line_1_2' title="bbox 368 468 1589 548; baseline 0.002 -20"><span class='ocrx_word' id='word_1_4' title='bbox 368 469 524 548; x_wconf 75' lang='lat' dir='ltr'><strong>Tanagrae</strong></span> <span class='ocrx_word' id='word_1_5' title='bbox 547 472 632 528; x_wconf 86' lang='lat' dir='ltr'><strong>extra</strong></span> <span class='ocrx_word' id='word_1_6' title='bbox 655 487 755 529; x_wconf 90' lang='lat' dir='ltr'><strong>muros</strong></span> <span class='ocrx_word' id='word_1_7' title='bbox 778 470 919 530; x_wconf 89' lang='lat' dir='ltr'><strong>sacellum</strong></span> <span class='ocrx_word' id='word_1_8' title='bbox 944 474 1008 530; x_wconf 88' lang='lat' dir='ltr'><strong>erat</strong></span> <span class='ocrx_word' id='word_1_9' title='bbox 1032 468 1145 530; x_wconf 80' lang='lat' dir='ltr'><strong>Cereris</strong></span> <span class='ocrx_word' id='word_1_10' title='bbox 1169 475 1199 530; x_wconf 90' lang='lat' dir='ltr'><strong>et</strong></span> <span class='ocrx_word' id='word_1_11' title='bbox 1217 470 1421 548; x_wconf 80' lang='lat' dir='ltr'><strong>Proserpinae.</strong></span> <span class='ocrx_word' id='word_1_12' title='bbox 1459 472 1495 530; x_wconf 89' lang='lat' dir='ltr'><strong>Id</strong></span> <span class='ocrx_word' id='word_1_13' title='bbox 1516 491 1589 531; x_wconf 86' lang='lat' dir='ltr'><strong>uum</strong></span> 
     </span>
     <span class='ocr_line' id='line_1_3' title="bbox 279 561 1588 650; baseline 0.003 -24"><span class='ocrx_word' id='word_1_14' title='bbox 279 567 338 626; x_wconf 91' lang='lat' dir='ltr'><strong>alio</strong></span> <span class='ocrx_word' id='word_1_15' title='bbox 370 568 580 643; x_wconf 75' lang='lat' dir='ltr'><strong>transferrent,</strong></span> <span class='ocrx_word' id='word_1_16' title='bbox 613 569 691 626; x_wconf 87' lang='lat' dir='ltr'><strong>cives</strong></span> <span class='ocrx_word' id='word_1_17' title='bbox 724 586 901 644; x_wconf 86' lang='lat' dir='ltr'><strong>quacunque</strong></span> <span class='ocrx_word' id='word_1_18' title='bbox 933 587 1025 629; x_wconf 87' lang='lat' dir='ltr'><strong>causa</strong></span> <span class='ocrx_word' id='word_1_19' title='bbox 1034 561 1061 650; x_wconf 82' lang='lat'><strong>⁹)</strong></span> <span class='ocrx_word' id='word_1_20' title='bbox 1094 571 1235 629; x_wconf 91' lang='lat' dir='ltr'><strong>commoti</strong></span> <span class='ocrx_word' id='word_1_21' title='bbox 1267 569 1437 646; x_wconf 90' lang='lat' dir='ltr'><strong>Apollinem</strong></span> <span class='ocrx_word' id='word_1_22' title='bbox 1449 563 1487 650; x_wconf 86' lang='lat'><strong>¹⁰)</strong></span> <span class='ocrx_word' id='word_1_23' title='bbox 1520 589 1588 630; x_wconf 89' lang='lat' dir='ltr'><strong>cou-</strong></span> 
     </span>
     <span class='ocr_line' id='line_1_4' title="bbox 278 665 1589 744; baseline 0.004 -20"><span class='ocrx_word' id='word_1_24' title='bbox 278 667 441 724; x_wconf 85' lang='lat' dir='ltr'><strong>suluerunt.</strong></span> <span class='ocrx_word' id='word_1_25' title='bbox 488 665 547 736; x_wconf 83' lang='lat' dir='ltr'><strong>Qui</strong></span> <span class='ocrx_word' id='word_1_26' title='bbox 574 683 639 724; x_wconf 92' lang='lat' dir='ltr'><strong>oum</strong></span> <span class='ocrx_word' id='word_1_27' title='bbox 668 665 805 742; x_wconf 85' lang='lat' dir='ltr'><strong>quamvis</strong></span> <span class='ocrx_word' id='word_1_28' title='bbox 833 665 994 726; x_wconf 88' lang='lat' dir='ltr'><strong>artificiosa</strong></span> <span class='ocrx_word' id='word_1_29' title='bbox 1021 667 1127 744; x_wconf 81' lang='lat' dir='ltr'><strong>lingua</strong></span> <span class='ocrx_word' id='word_1_30' title='bbox 1149 685 1297 727; x_wconf 85' lang='lat' dir='ltr'><strong>summam</strong></span> <span class='ocrx_word' id='word_1_31' title='bbox 1318 670 1419 726; x_wconf 88' lang='lat' dir='ltr'><strong>tamen</strong></span> <span class='ocrx_word' id='word_1_32' title='bbox 1447 668 1489 726; x_wconf 92' lang='lat' dir='ltr'><strong>rei</strong></span> <span class='ocrx_word' id='word_1_33' title='bbox 1514 669 1589 728; x_wconf 88' lang='lat' dir='ltr'><strong>satis</strong></span> 
     </span>
     <span class='ocr_line' id='line_1_5' title="bbox 278 755 1590 846; baseline 0.002 -23"><span class='ocrx_word' id='word_1_34' title='bbox 278 763 358 823; x_wconf 89' lang='lat' dir='ltr'><strong>clare</strong></span> <span class='ocrx_word' id='word_1_35' title='bbox 381 762 608 842; x_wconf 78' lang='lat' dir='ltr'><strong>significavisset</strong></span> <span class='ocrx_word' id='word_1_36' title='bbox 630 755 672 844; x_wconf 85' lang='lat' dir='ltr'><strong>(v.</strong></span> <span class='ocrx_word' id='word_1_37' title='bbox 693 755 804 845; x_wconf 83' lang='lat'><strong>7-8),</strong></span> <span class='ocrx_word' id='word_1_38' title='bbox 826 767 887 823; x_wconf 90' lang='lat' dir='ltr'><strong>tres</strong></span> <span class='ocrx_word' id='word_1_39' title='bbox 910 764 990 824; x_wconf 84' lang='lat' dir='ltr'><strong>viros</strong></span> <span class='ocrx_word' id='word_1_40' title='bbox 1014 756 1167 846; x_wconf 77' lang='grc' dir='ltr'><strong>(ἀρχά)“)</strong></span> <span class='ocrx_word' id='word_1_41' title='bbox 1190 765 1285 824; x_wconf 88' lang='lat' dir='ltr'><strong>creari</strong></span> <span class='ocrx_word' id='word_1_42' title='bbox 1307 765 1430 842; x_wconf 79' lang='lat' dir='ltr'><strong>placuit,</strong></span> <span class='ocrx_word' id='word_1_43' title='bbox 1453 767 1507 842; x_wconf 93' lang='lat' dir='ltr'><strong>qui</strong></span> <span class='ocrx_word' id='word_1_44' title='bbox 1528 785 1590 826; x_wconf 89' lang='lat' dir='ltr'><strong>una</strong></span> 
     </span>
     <span class='ocr_line' id='line_1_6' title="bbox 278 859 1589 940; baseline 0.002 -19"><span class='ocrx_word' id='word_1_45' title='bbox 278 881 345 921; x_wconf 91' lang='lat' dir='ltr'><strong>cum</strong></span> <span class='ocrx_word' id='word_1_46' title='bbox 364 860 570 938; x_wconf 88' lang='lat' dir='ltr'><strong>polomarchis,</strong></span> <span class='ocrx_word' id='word_1_47' title='bbox 588 859 728 936; x_wconf 69' lang='lat' dir='ltr'><strong>syndico,</strong></span> <span class='ocrx_word' id='word_1_48' title='bbox 752 861 951 920; x_wconf 85' lang='lat' dir='ltr'><strong>architectona</strong></span> <span class='ocrx_word' id='word_1_49' title='bbox 970 863 1113 922; x_wconf 90' lang='lat' dir='ltr'><strong>sacellum</strong></span> <span class='ocrx_word' id='word_1_50' title='bbox 1131 863 1212 921; x_wconf 83' lang='lat' dir='ltr'><strong>intra</strong></span> <span class='ocrx_word' id='word_1_51' title='bbox 1230 862 1374 940; x_wconf 88' lang='lat' dir='ltr'><strong>oppidum</strong></span> <span class='ocrx_word' id='word_1_52' title='bbox 1394 863 1589 924; x_wconf 84' lang='lat' dir='ltr'><strong>extnrendum</strong></span> 
     </span>
     <span class='ocr_line' id='line_1_7' title="bbox 278 949 1588 1043; baseline 0.001 -24"><span class='ocrx_word' id='word_1_53' title='bbox 278 962 417 1020; x_wconf 89' lang='lat' dir='ltr'><strong>curarent</strong></span> <span class='ocrx_word' id='word_1_54' title='bbox 440 951 482 1038; x_wconf 83' lang='lat' dir='ltr'><strong>(u.</strong></span> <span class='ocrx_word' id='word_1_55' title='bbox 503 949 626 1039; x_wconf 84' lang='lat'>9-14)</span> <span class='ocrx_word' id='word_1_56' title='bbox 650 961 753 1034; x_wconf 87' lang='lat' dir='ltr'><strong>atque,</strong></span> <span class='ocrx_word' id='word_1_57' title='bbox 781 960 807 1017; x_wconf 89' lang='lat' dir='ltr'><strong>si</strong></span> <span class='ocrx_word' id='word_1_58' title='bbox 830 977 904 1035; x_wconf 89' lang='lat' dir='ltr'><strong>opus</strong></span> <span class='ocrx_word' id='word_1_59' title='bbox 928 962 1018 1034; x_wconf 89' lang='lat' dir='ltr'><strong>esset,</strong></span> <span class='ocrx_word' id='word_1_60' title='bbox 1045 960 1093 1019; x_wconf 89' lang='lat' dir='ltr'><strong>vel</strong></span> <span class='ocrx_word' id='word_1_61' title='bbox 1121 960 1330 1037; x_wconf 84' lang='lat' dir='ltr'><strong>expropriandi</strong></span> <span class='ocrx_word' id='word_1_62' title='bbox 1358 965 1537 1038; x_wconf 85' lang='lat' dir='ltr'><strong>potestatem</strong></span> <span class='ocrx_word' id='word_1_63' title='bbox 1550 955 1588 1043; x_wconf 84' lang='lat'><strong>¹¹)</strong></span> 
     </span>
     <span class='ocr_line' id='line_1_8' title="bbox 277 1048 1589 1138; baseline 0.003 -22"><span class='ocrx_word' id='word_1_64' title='bbox 277 1057 309 1116; x_wconf 92' lang='lat' dir='ltr'><strong>iu</strong></span> <span class='ocrx_word' id='word_1_65' title='bbox 337 1059 472 1134; x_wconf 86' lang='lat' dir='ltr'><strong>privatos</strong></span> <span class='ocrx_word' id='word_1_66' title='bbox 500 1058 670 1115; x_wconf 82' lang='lat' dir='ltr'><strong>exercerent</strong></span> <span class='ocrx_word' id='word_1_67' title='bbox 694 1048 868 1138; x_wconf 79' lang='lat'>(14—17);</span> <span class='ocrx_word' id='word_1_68' title='bbox 902 1075 1044 1133; x_wconf 88' lang='lat' dir='ltr'><strong>expensas</strong></span> <span class='ocrx_word' id='word_1_69' title='bbox 1072 1059 1173 1118; x_wconf 88' lang='lat' dir='ltr'><strong>autern</strong></span> <span class='ocrx_word' id='word_1_70' title='bbox 1200 1058 1245 1117; x_wconf 92' lang='lat' dir='ltr'><strong>ita</strong></span> <span class='ocrx_word' id='word_1_71' title='bbox 1271 1057 1395 1117; x_wconf 86' lang='lat' dir='ltr'><strong>tolerari</strong></span> <span class='ocrx_word' id='word_1_72' title='bbox 1417 1060 1533 1135; x_wconf 79' lang='lat' dir='ltr'><strong>placuit</strong></span> <span class='ocrx_word' id='word_1_73' title='bbox 1555 1063 1589 1120; x_wconf 87' lang='lat' dir='ltr'><strong>ut</strong></span> 
     </span>
     <span class='ocr_line' id='line_1_9' title="bbox 278 1148 1588 1237; baseline 0.002 -23"><span class='ocrx_word' id='word_1_74' title='bbox 278 1173 473 1232; x_wconf 87' lang='lat' dir='ltr'><strong>quaeeunque</strong></span> <span class='ocrx_word' id='word_1_75' title='bbox 496 1153 609 1214; x_wconf 87' lang='lat' dir='ltr'><strong>vellent</strong></span> <span class='ocrx_word' id='word_1_76' title='bbox 631 1154 770 1214; x_wconf 89' lang='lat' dir='ltr'><strong>mulieres</strong></span> <span class='ocrx_word' id='word_1_77' title='bbox 794 1155 901 1231; x_wconf 87' lang='lat' dir='ltr'><strong>stipem</strong></span> <span class='ocrx_word' id='word_1_78' title='bbox 925 1156 1095 1214; x_wconf 85' lang='lat' dir='ltr'><strong>conferrent</strong></span> <span class='ocrx_word' id='word_1_79' title='bbox 1113 1148 1155 1237; x_wconf 87' lang='lat' dir='ltr'><strong>(v.</strong></span> <span class='ocrx_word' id='word_1_80' title='bbox 1172 1148 1317 1237; x_wconf 80' lang='lat'><strong>17-24),</strong></span> <span class='ocrx_word' id='word_1_81' title='bbox 1340 1159 1371 1215; x_wconf 90' lang='lat' dir='ltr'><strong>et</strong></span> <span class='ocrx_word' id='word_1_82' title='bbox 1393 1156 1588 1230; x_wconf 84' lang='lat' dir='ltr'><strong>solummodo,</strong></span> 
     </span>
     <span class='ocr_line' id='line_1_10' title="bbox 278 1246 1587 1334; baseline 0 -22"><span class='ocrx_word' id='word_1_83' title='bbox 278 1254 304 1312; x_wconf 93' lang='lat' dir='ltr'><strong>si</strong></span> <span class='ocrx_word' id='word_1_84' title='bbox 326 1253 398 1312; x_wconf 90' lang='lat' dir='ltr'><strong>haec</strong></span> <span class='ocrx_word' id='word_1_85' title='bbox 421 1251 547 1330; x_wconf 86' lang='lat' dir='ltr'><strong>pecnnia</strong></span> <span class='ocrx_word' id='word_1_86' title='bbox 571 1251 717 1326; x_wconf 87' lang='lat' dir='ltr'><strong>deficeret,</strong></span> <span class='ocrx_word' id='word_1_87' title='bbox 740 1252 878 1328; x_wconf 88' lang='lat' dir='ltr'><strong>publicae</strong></span> <span class='ocrx_word' id='word_1_88' title='bbox 901 1254 1045 1328; x_wconf 89' lang='lat' dir='ltr'><strong>pecuniae</strong></span> <span class='ocrx_word' id='word_1_89' title='bbox 1069 1252 1279 1314; x_wconf 85' lang='lat' dir='ltr'><strong>adhiberentur</strong></span> <span class='ocrx_word' id='word_1_90' title='bbox 1302 1246 1473 1334; x_wconf 72' lang='lat' dir='ltr'><strong>(as—27),</strong></span> <span class='ocrx_word' id='word_1_91' title='bbox 1497 1259 1587 1331; x_wconf 88' lang='lat' dir='ltr'><strong>atque</strong></span> 
     </span>
     <span class='ocr_line' id='line_1_11' title="bbox 276 1343 1587 1433; baseline 0.003 -25"><span class='ocrx_word' id='word_1_92' title='bbox 276 1349 398 1410; x_wconf 86' lang='lat' dir='ltr'><strong>inscribi</strong></span> <span class='ocrx_word' id='word_1_93' title='bbox 417 1349 537 1410; x_wconf 91' lang='lat' dir='ltr'><strong>nomina</strong></span> <span class='ocrx_word' id='word_1_94' title='bbox 557 1369 669 1426; x_wconf 89' lang='lat' dir='ltr'><strong>earum,</strong></span> <span class='ocrx_word' id='word_1_95' title='bbox 693 1369 769 1426; x_wconf 87' lang='lat' dir='ltr'><strong>quae</strong></span> <span class='ocrx_word' id='word_1_96' title='bbox 793 1351 901 1427; x_wconf 88' lang='lat' dir='ltr'><strong>stipem</strong></span> <span class='ocrx_word' id='word_1_97' title='bbox 920 1350 1116 1412; x_wconf 88' lang='lat' dir='ltr'><strong>contulissent</strong></span> <span class='ocrx_word' id='word_1_98' title='bbox 1139 1343 1310 1433; x_wconf 69' lang='lat' dir='ltr'><strong>(as—32),</strong></span> <span class='ocrx_word' id='word_1_99' title='bbox 1325 1351 1451 1429; x_wconf 91' lang='lat' dir='ltr'><strong>denique</strong></span> <span class='ocrx_word' id='word_1_100' title='bbox 1470 1355 1496 1412; x_wconf 91' lang='lat' dir='ltr'><strong>si</strong></span> <span class='ocrx_word' id='word_1_101' title='bbox 1516 1353 1587 1429; x_wconf 87' lang='lat' dir='ltr'><strong>quid</strong></span> 
     </span>
     <span class='ocr_line' id='line_1_12' title="bbox 276 1447 1587 1528; baseline 0.003 -21"><span class='ocrx_word' id='word_1_102' title='bbox 276 1448 419 1525; x_wconf 89' lang='lat' dir='ltr'><strong>pecuniae</strong></span> <span class='ocrx_word' id='word_1_103' title='bbox 447 1451 614 1524; x_wconf 87' lang='lat' dir='ltr'><strong>superesset</strong></span> <span class='ocrx_word' id='word_1_104' title='bbox 642 1466 657 1506; x_wconf 93' lang='lat' dir='ltr'><strong>e</strong></span> <span class='ocrx_word' id='word_1_105' title='bbox 685 1447 762 1524; x_wconf 86' lang='lat' dir='ltr'><strong>stipe</strong></span> <span class='ocrx_word' id='word_1_106' title='bbox 790 1448 914 1524; x_wconf 89' lang='lat' dir='ltr'><strong>collata,</strong></span> <span class='ocrx_word' id='word_1_107' title='bbox 946 1449 1027 1507; x_wconf 88' lang='lat' dir='ltr'><strong>tradi</strong></span> <span class='ocrx_word' id='word_1_108' title='bbox 1054 1449 1221 1525; x_wconf 90' lang='lat' dir='ltr'><strong>quaestori,</strong></span> <span class='ocrx_word' id='word_1_109' title='bbox 1250 1454 1285 1509; x_wconf 94' lang='lat' dir='ltr'><strong>ut</strong></span> <span class='ocrx_word' id='word_1_110' title='bbox 1311 1450 1380 1509; x_wconf 91' lang='lat' dir='ltr'><strong>inde</strong></span> <span class='ocrx_word' id='word_1_111' title='bbox 1409 1470 1485 1527; x_wconf 88' lang='lat' dir='ltr'><strong>quae</strong></span> <span class='ocrx_word' id='word_1_112' title='bbox 1514 1470 1587 1528; x_wconf 91' lang='lat' dir='ltr'><strong>opus</strong></span> 
     </span>
     <span class='ocr_line' id='line_1_13' title="bbox 276 1537 945 1627; baseline 0 -23"><span class='ocrx_word' id='word_1_113' title='bbox 276 1549 375 1607; x_wconf 84' lang='lat' dir='ltr'><strong>forent</strong></span> <span class='ocrx_word' id='word_1_114' title='bbox 397 1547 506 1606; x_wconf 86' lang='lat' dir='ltr'><strong>sacello</strong></span> <span class='ocrx_word' id='word_1_115' title='bbox 530 1545 710 1622; x_wconf 86' lang='lat' dir='ltr'><strong>expenderet</strong></span> <span class='ocrx_word' id='word_1_116' title='bbox 733 1537 774 1627; x_wconf 87' lang='lat' dir='ltr'><strong>(v.</strong></span> <span class='ocrx_word' id='word_1_117' title='bbox 791 1539 945 1621; x_wconf 81' lang='lat'><strong>33-38).</strong></span> 
     </span>
    </p>

    <p class='ocr_par' dir='ltr' id='par_1_3' title="bbox 273 1642 1587 2509">
     <span class='ocr_line' id='line_1_14' title="bbox 364 1642 1587 1723; baseline 0.004 -22"><span class='ocrx_word' id='word_1_118' title='bbox 364 1644 400 1702; x_wconf 91' lang='lat' dir='ltr'><strong>V.</strong></span> <span class='ocrx_word' id='word_1_119' title='bbox 416 1646 445 1703; x_wconf 87' lang='lat'><strong>4.</strong></span> <span class='ocrx_word' id='word_1_120' title='bbox 483 1642 607 1704; x_wconf 83' lang='lat' dir='ltr'><strong>Ooustat</strong></span> <span class='ocrx_word' id='word_1_121' title='bbox 627 1642 826 1721; x_wconf 83' lang='lat' dir='ltr'><strong>Gephyraeos,</strong></span> <span class='ocrx_word' id='word_1_122' title='bbox 850 1662 924 1719; x_wconf 89' lang='lat' dir='ltr'><strong>quos</strong></span> <span class='ocrx_word' id='word_1_123' title='bbox 947 1663 964 1703; x_wconf 90' lang='lat' dir='ltr'><strong>e</strong></span> <span class='ocrx_word' id='word_1_124' title='bbox 986 1645 1106 1722; x_wconf 78' lang='lat' dir='ltr'><strong>regione</strong></span> <span class='ocrx_word' id='word_1_125' title='bbox 1128 1645 1313 1723; x_wconf 78' lang='lat' dir='ltr'><strong>Tanagrensi</strong></span> <span class='ocrx_word' id='word_1_126' title='bbox 1336 1649 1417 1706; x_wconf 88' lang='lat' dir='ltr'><strong>ortos</strong></span> <span class='ocrx_word' id='word_1_127' title='bbox 1439 1647 1587 1722; x_wconf 85' lang='lat' dir='ltr'><strong>putabant</strong></span> 
     </span>
     <span class='ocr_line' id='line_1_15' title="bbox 277 1734 1586 1825; baseline 0.003 -23"><span class='ocrx_word' id='word_1_128' title='bbox 277 1737 440 1825; x_wconf 69' lang='grc' dir='ltr'><strong>(Ηοτοτὶ.)1</strong></span> <span class='ocrx_word' id='word_1_129' title='bbox 462 1735 529 1823; x_wconf 83' lang='grc'>57),</span> <span class='ocrx_word' id='word_1_130' title='bbox 561 1761 646 1801; x_wconf 88' lang='lat' dir='ltr'><strong>saera</strong></span> <span class='ocrx_word' id='word_1_131' title='bbox 669 1741 783 1802; x_wconf 78' lang='lat' dir='ltr'><strong>Cereris</strong></span> <span class='ocrx_word' id='word_1_132' title='bbox 802 1734 920 1819; x_wconf 78' lang='grc' dir='ltr'><strong><em>Ἀχαίας</em></strong></span> <span class='ocrx_word' id='word_1_133' title='bbox 947 1742 1081 1816; x_wconf 88' lang='lat' dir='ltr'><strong>coluisse,</strong></span> <span class='ocrx_word' id='word_1_134' title='bbox 1112 1761 1190 1819; x_wconf 87' lang='lat' dir='ltr'><strong>quae</strong></span> <span class='ocrx_word' id='word_1_135' title='bbox 1218 1742 1274 1802; x_wconf 87' lang='lat' dir='ltr'><strong>dea</strong></span> <span class='ocrx_word' id='word_1_136' title='bbox 1302 1761 1320 1804; x_wconf 89' lang='lat' dir='ltr'><strong>a</strong></span> <span class='ocrx_word' id='word_1_137' title='bbox 1347 1745 1586 1822; x_wconf 84' lang='lat' dir='ltr'><strong>Tanagrensihus</strong></span> 
     </span>
     <span class='ocr_line' id='line_1_16' title="bbox 275 1833 1587 1920; baseline 0.002 -20"><span class='ocrx_word' id='word_1_138' title='bbox 275 1843 350 1917; x_wconf 91' lang='lat' dir='ltr'><strong>ipsis</strong></span> <span class='ocrx_word' id='word_1_139' title='bbox 373 1840 492 1900; x_wconf 90' lang='lat' dir='ltr'><strong>nomine</strong></span> <span class='ocrx_word' id='word_1_140' title='bbox 507 1838 661 1918; x_wconf 82' lang='grc' dir='ltr'><strong><em>Γεφυραία</em></strong></span> <span class='ocrx_word' id='word_1_141' title='bbox 684 1841 766 1899; x_wconf 88' lang='lat' dir='ltr'><strong>culta</strong></span> <span class='ocrx_word' id='word_1_142' title='bbox 788 1857 852 1900; x_wconf 88' lang='lat' dir='ltr'><strong>esse</strong></span> <span class='ocrx_word' id='word_1_143' title='bbox 870 1833 1058 1920; x_wconf 78' lang='lat' dir='ltr'><strong>traditur.¹⁸)</strong></span> <span class='ocrx_word' id='word_1_144' title='bbox 1096 1839 1264 1917; x_wconf 85' lang='lat' dir='ltr'><strong>Quaeritur,</strong></span> <span class='ocrx_word' id='word_1_145' title='bbox 1287 1861 1359 1900; x_wconf 91' lang='lat' dir='ltr'><strong>num</strong></span> <span class='ocrx_word' id='word_1_146' title='bbox 1378 1842 1480 1902; x_wconf 87' lang='lat' dir='ltr'><strong>eadem</strong></span> <span class='ocrx_word' id='word_1_147' title='bbox 1502 1842 1587 1902; x_wconf 80' lang='lat' dir='ltr'><strong>Ocres</strong></span> 
     </span>
     <span class='ocr_line' id='line_1_17' title="bbox 275 1937 1586 2016; baseline 0 -18"><span class='ocrx_word' id='word_1_148' title='bbox 275 1941 331 1998; x_wconf 90' lang='lat' dir='ltr'><strong>hoo</strong></span> <span class='ocrx_word' id='word_1_149' title='bbox 354 1939 444 1997; x_wconf 88' lang='lat' dir='ltr'><strong>titulo</strong></span> <span class='ocrx_word' id='word_1_150' title='bbox 467 1937 593 1996; x_wconf 90' lang='lat' dir='ltr'><strong>dicatur.</strong></span> <span class='ocrx_word' id='word_1_151' title='bbox 638 1937 704 1996; x_wconf 90' lang='lat' dir='ltr'><strong>Iam</strong></span> <span class='ocrx_word' id='word_1_152' title='bbox 728 1939 852 2012; x_wconf 90' lang='lat' dir='ltr'><strong>cultum,</strong></span> <span class='ocrx_word' id='word_1_153' title='bbox 884 1937 920 1997; x_wconf 91' lang='lat' dir='ltr'><strong>de</strong></span> <span class='ocrx_word' id='word_1_154' title='bbox 948 1957 1006 2013; x_wconf 91' lang='lat' dir='ltr'><strong>quo</strong></span> <span class='ocrx_word' id='word_1_155' title='bbox 1034 1938 1083 1998; x_wconf 86' lang='lat' dir='ltr'><strong>hio</strong></span> <span class='ocrx_word' id='word_1_156' title='bbox 1105 1941 1220 2016; x_wconf 80' lang='lat' dir='ltr'><strong>agitur,</strong></span> <span class='ocrx_word' id='word_1_157' title='bbox 1247 1940 1407 1998; x_wconf 88' lang='lat' dir='ltr'><strong>mulierum</strong></span> <span class='ocrx_word' id='word_1_158' title='bbox 1433 1943 1586 2016; x_wconf 89' lang='lat' dir='ltr'><strong>proprium</strong></span> 
     </span>
     <span class='ocr_line' id='line_1_18' title="bbox 276 2035 1586 2116; baseline -0.001 -19"><span class='ocrx_word' id='word_1_159' title='bbox 276 2038 368 2096; x_wconf 80' lang='lat' dir='ltr'><strong>fuisse</strong></span> <span class='ocrx_word' id='word_1_160' title='bbox 396 2037 474 2096; x_wconf 90' lang='lat' dir='ltr'><strong>sicut</strong></span> <span class='ocrx_word' id='word_1_161' title='bbox 497 2035 730 2111; x_wconf 84' lang='lat' dir='ltr'><strong>Thesmophoria</strong></span> <span class='ocrx_word' id='word_1_162' title='bbox 752 2036 856 2095; x_wconf 86' lang='lat' dir='ltr'><strong>Attica</strong></span> <span class='ocrx_word' id='word_1_163' title='bbox 878 2055 894 2096; x_wconf 91' lang='lat' dir='ltr'><strong>e</strong></span> <span class='ocrx_word' id='word_1_164' title='bbox 917 2056 945 2095; x_wconf 87' lang='lat' dir='ltr'><strong>v.</strong></span> <span class='ocrx_word' id='word_1_165' title='bbox 967 2037 1095 2095; x_wconf 78' lang='lat'>17-24</span> <span class='ocrx_word' id='word_1_166' title='bbox 1129 2039 1255 2113; x_wconf 88' lang='lat' dir='ltr'><strong>apparet</strong></span> <span class='ocrx_word' id='word_1_167' title='bbox 1286 2041 1318 2097; x_wconf 89' lang='lat' dir='ltr'><strong>et</strong></span> <span class='ocrx_word' id='word_1_168' title='bbox 1345 2056 1411 2096; x_wconf 92' lang='lat' dir='ltr'><strong>curn</strong></span> <span class='ocrx_word' id='word_1_169' title='bbox 1439 2039 1486 2098; x_wconf 90' lang='lat' dir='ltr'><strong>bis</strong></span> <span class='ocrx_word' id='word_1_170' title='bbox 1515 2039 1586 2116; x_wconf 89' lang='lat' dir='ltr'><strong>ipsis</strong></span> 
     </span>
     <span class='ocr_line' id='line_1_19' title="bbox 278 2128 1587 2217; baseline 0.002 -23"><span class='ocrx_word' id='word_1_171' title='bbox 278 2135 518 2210; x_wconf 90' lang='lat' dir='ltr'><strong>Thesmophoriis</strong></span> <span class='ocrx_word' id='word_1_172' title='bbox 533 2151 617 2193; x_wconf 89' lang='lat' dir='ltr'><strong>sacra</strong></span> <span class='ocrx_word' id='word_1_173' title='bbox 632 2132 747 2192; x_wconf 80' lang='lat' dir='ltr'><strong>Cereris</strong></span> <span class='ocrx_word' id='word_1_174' title='bbox 761 2133 893 2192; x_wconf 87' lang='lat' dir='ltr'><strong>Achaiae</strong></span> <span class='ocrx_word' id='word_1_175' title='bbox 908 2151 926 2191; x_wconf 91' lang='lat' dir='ltr'><strong>a</strong></span> <span class='ocrx_word' id='word_1_176' title='bbox 939 2133 1102 2194; x_wconf 86' lang='lat' dir='ltr'><strong>Plutarcho</strong></span> <span class='ocrx_word' id='word_1_177' title='bbox 1117 2128 1379 2217; x_wconf 84' lang='lat' dir='ltr'><strong>comparantur¹⁴),</strong></span> <span class='ocrx_word' id='word_1_178' title='bbox 1396 2155 1493 2212; x_wconf 89' lang='lat' dir='ltr'><strong>neque</strong></span> <span class='ocrx_word' id='word_1_179' title='bbox 1510 2137 1587 2196; x_wconf 85' lang='lat' dir='ltr'><strong>iusta</strong></span> 
     </span>
     <span class='ocr_line' id='line_1_20' title="bbox 275 2231 1586 2310; baseline 0 -18"><span class='ocrx_word' id='word_1_180' title='bbox 275 2252 365 2293; x_wconf 89' lang='lat' dir='ltr'><strong>causa</strong></span> <span class='ocrx_word' id='word_1_181' title='bbox 388 2233 520 2292; x_wconf 89' lang='lat' dir='ltr'><strong>Reinaob</strong></span> <span class='ocrx_word' id='word_1_182' title='bbox 548 2231 685 2291; x_wconf 87' lang='lat' dir='ltr'><strong>dubitare</strong></span> <span class='ocrx_word' id='word_1_183' title='bbox 709 2232 836 2307; x_wconf 84' lang='lat' dir='ltr'><strong>videtur,</strong></span> <span class='ocrx_word' id='word_1_184' title='bbox 868 2251 938 2290; x_wconf 91' lang='lat' dir='ltr'><strong>num</strong></span> <span class='ocrx_word' id='word_1_185' title='bbox 968 2231 1042 2291; x_wconf 90' lang='lat' dir='ltr'><strong>haec</strong></span> <span class='ocrx_word' id='word_1_186' title='bbox 1069 2235 1161 2292; x_wconf 86' lang='lat' dir='ltr'><strong>etiam</strong></span> <span class='ocrx_word' id='word_1_187' title='bbox 1189 2237 1258 2310; x_wconf 87' lang='lat' dir='ltr'><strong>post</strong></span> <span class='ocrx_word' id='word_1_188' title='bbox 1285 2232 1445 2294; x_wconf 86' lang='lat' dir='ltr'><strong>discessum</strong></span> <span class='ocrx_word' id='word_1_189' title='bbox 1469 2233 1586 2310; x_wconf 80' lang='lat' dir='ltr'><strong>Gephy-</strong></span> 
     </span>
     <span class='ocr_line' id='line_1_21' title="bbox 273 2328 1586 2406; baseline 0 -16"><span class='ocrx_word' id='word_1_190' title='bbox 273 2350 410 2390; x_wconf 89' lang='lat' dir='ltr'><strong>raeorum</strong></span> <span class='ocrx_word' id='word_1_191' title='bbox 435 2329 626 2389; x_wconf 87' lang='lat' dir='ltr'><strong>obtinuerint.</strong></span> <span class='ocrx_word' id='word_1_192' title='bbox 665 2329 777 2388; x_wconf 85' lang='lat' dir='ltr'><strong>Tamen</strong></span> <span class='ocrx_word' id='word_1_193' title='bbox 800 2350 836 2388; x_wconf 91' lang='lat' dir='ltr'><strong>ne</strong></span> <span class='ocrx_word' id='word_1_194' title='bbox 859 2331 924 2406; x_wconf 90' lang='lat' dir='ltr'><strong>ipse</strong></span> <span class='ocrx_word' id='word_1_195' title='bbox 948 2328 1066 2406; x_wconf 91' lang='lat' dir='ltr'><strong>quidem</strong></span> <span class='ocrx_word' id='word_1_196' title='bbox 1090 2330 1235 2391; x_wconf 85' lang='lat' dir='ltr'><strong>Achaiam</strong></span> <span class='ocrx_word' id='word_1_197' title='bbox 1260 2330 1395 2391; x_wconf 77' lang='lat' dir='ltr'><strong>Cererem</strong></span> <span class='ocrx_word' id='word_1_198' title='bbox 1418 2332 1474 2391; x_wconf 89' lang='lat' dir='ltr'><strong>hoc</strong></span> <span class='ocrx_word' id='word_1_199' title='bbox 1498 2333 1586 2390; x_wconf 85' lang='lat' dir='ltr'><strong>titulo</strong></span> 
     </span>
     <span class='ocr_line' id='line_1_22' title="bbox 275 2420 1542 2509; baseline 0.001 -22"><span class='ocrx_word' id='word_1_200' title='bbox 275 2429 335 2488; x_wconf 92' lang='lat' dir='ltr'><strong>dici</strong></span> <span class='ocrx_word' id='word_1_201' title='bbox 358 2431 441 2505; x_wconf 88' lang='lat' dir='ltr'><strong>puto,</strong></span> <span class='ocrx_word' id='word_1_202' title='bbox 464 2431 490 2488; x_wconf 91' lang='lat' dir='ltr'><strong>si</strong></span> <span class='ocrx_word' id='word_1_203' title='bbox 514 2427 634 2504; x_wconf 87' lang='lat' dir='ltr'><strong>quidem</strong></span> <span class='ocrx_word' id='word_1_204' title='bbox 657 2429 755 2503; x_wconf 89' lang='lat' dir='ltr'><strong>ipsum</strong></span> <span class='ocrx_word' id='word_1_205' title='bbox 779 2445 942 2505; x_wconf 76' lang='lat' dir='ltr'><strong>cognomen</strong></span> <span class='ocrx_word' id='word_1_206' title='bbox 961 2420 1062 2507; x_wconf 82' lang='grc' dir='ltr'><strong><em>Ἀχαία</em></strong></span> <span class='ocrx_word' id='word_1_207' title='bbox 1085 2429 1148 2488; x_wconf 85' lang='lat' dir='ltr'><strong>sive</strong></span> <span class='ocrx_word' id='word_1_208' title='bbox 1171 2429 1326 2509; x_wconf 80' lang='grc' dir='ltr'><strong><em>Γεφυραία</em></strong></span> <span class='ocrx_word' id='word_1_209' title='bbox 1349 2429 1542 2488; x_wconf 88' lang='lat' dir='ltr'><strong>desideratur.</strong></span> 
     </span>
    </p>

    <p class='ocr_par' dir='ltr' id='par_1_4' title="bbox 274 2523 1587 2701">
     <span class='ocr_line' id='line_1_23' title="bbox 363 2523 1587 2605; baseline 0.002 -21"><span class='ocrx_word' id='word_1_210' title='bbox 363 2527 438 2586; x_wconf 84' lang='lat' dir='ltr'><strong>v.6</strong></span> <span class='ocrx_word' id='word_1_211' title='bbox 472 2545 531 2586; x_wconf 91' lang='lat' dir='ltr'><strong>nou</strong></span> <span class='ocrx_word' id='word_1_212' title='bbox 564 2525 667 2586; x_wconf 88' lang='lat' dir='ltr'><strong>dubito</strong></span> <span class='ocrx_word' id='word_1_213' title='bbox 696 2527 769 2602; x_wconf 93' lang='lat' dir='ltr'><strong>quin</strong></span> <span class='ocrx_word' id='word_1_214' title='bbox 797 2544 868 2586; x_wconf 86' lang='lat' dir='ltr'><strong>voce</strong></span> <span class='ocrx_word' id='word_1_215' title='bbox 895 2523 1065 2605; x_wconf 71' lang='grc' dir='ltr'><strong><em>Εὐαμερίας</em></strong></span> <span class='ocrx_word' id='word_1_216' title='bbox 1096 2545 1202 2587; x_wconf 90' lang='lat' dir='ltr'><strong>nomen</strong></span> <span class='ocrx_word' id='word_1_217' title='bbox 1235 2527 1371 2585; x_wconf 82' lang='lat' dir='ltr'><strong>divinum</strong></span> <span class='ocrx_word' id='word_1_218' title='bbox 1397 2529 1587 2586; x_wconf 86' lang='lat' dir='ltr'><strong>contineatur</strong></span> 
     </span>
     <span class='ocr_line' id='line_1_24' title="bbox 274 2621 1586 2701; baseline 0 -17"><span class='ocrx_word' id='word_1_219' title='bbox 274 2628 430 2701; x_wconf 86' lang='lat' dir='ltr'><strong>totumque</strong></span> <span class='ocrx_word' id='word_1_220' title='bbox 457 2624 535 2683; x_wconf 90' lang='lat' dir='ltr'><strong>illud</strong></span> <span class='ocrx_word' id='word_1_221' title='bbox 559 2621 591 2683; x_wconf 82' lang='grc' dir='ltr'><strong><em>ἐν</em></strong></span> <span class='ocrx_word' id='word_1_222' title='bbox 613 2621 665 2683; x_wconf 86' lang='grc' dir='ltr'><strong>τὸν</strong></span> <span class='ocrx_word' id='word_1_223' title='bbox 687 2622 779 2684; x_wconf 86' lang='grc' dir='ltr'><strong><em>τόπον</em></strong></span> <span class='ocrx_word' id='word_1_224' title='bbox 802 2622 853 2683; x_wconf 87' lang='grc' dir='ltr'><strong>τὸν</strong></span> <span class='ocrx_word' id='word_1_225' title='bbox 876 2632 927 2697; x_wconf 85' lang='grc' dir='ltr'><strong><em>τᾶς</em></strong></span> <span class='ocrx_word' id='word_1_226' title='bbox 951 2622 1007 2684; x_wconf 67' lang='lat' dir='ltr'><strong>hit.</strong></span> <span class='ocrx_word' id='word_1_227' title='bbox 1031 2625 1113 2684; x_wconf 90' lang='lat' dir='ltr'><strong>facili</strong></span> <span class='ocrx_word' id='word_1_228' title='bbox 1140 2624 1379 2700; x_wconf 87' lang='lat' dir='ltr'><strong>breviloquentia</strong></span> <span class='ocrx_word' id='word_1_229' title='bbox 1405 2625 1517 2684; x_wconf 88' lang='lat' dir='ltr'><strong>dictum</strong></span> <span class='ocrx_word' id='word_1_230' title='bbox 1548 2626 1586 2685; x_wconf 88' lang='lat' dir='ltr'><strong>sit</strong></span> 
     </span>
    </p>
   </div>
   <div class='ocr_carea' id='block_1_3' title="bbox 273 2705 1585 3196">
    <p class='ocr_par' dir='ltr' id='par_1_5' title="bbox 273 2705 1585 3196">
     <span class='ocr_line' id='line_1_25' title="bbox 273 2705 1585 2804; baseline -0.001 -22"><span class='ocrx_word' id='word_1_231' title='bbox 273 2743 328 2801; x_wconf 93' lang='lat' dir='ltr'><strong>pro</strong></span> <span class='ocrx_word' id='word_1_232' title='bbox 351 2721 403 2783; x_wconf 86' lang='grc' dir='ltr'><strong>τὸν</strong></span> <span class='ocrx_word' id='word_1_233' title='bbox 426 2720 518 2782; x_wconf 90' lang='grc' dir='ltr'><strong><em>τόπον</em></strong></span> <span class='ocrx_word' id='word_1_234' title='bbox 540 2717 572 2781; x_wconf 79' lang='grc' dir='ltr'><strong><em>ἐν</em></strong></span> <span class='ocrx_word' id='word_1_235' title='bbox 595 2705 619 2804; x_wconf 78' lang='grc' dir='ltr'><em>ᾧ</em></span> <span class='ocrx_word' id='word_1_236' title='bbox 638 2720 670 2781; x_wconf 90' lang='grc' dir='ltr'><strong><em>τὸ</em></strong></span> <span class='ocrx_word' id='word_1_237' title='bbox 694 2719 774 2798; x_wconf 80' lang='grc' dir='ltr'><strong><em>ἱερὸν</em></strong></span> <span class='ocrx_word' id='word_1_238' title='bbox 796 2729 848 2792; x_wconf 82' lang='grc' dir='ltr'><strong><em>τᾶς</em></strong></span> <span class='ocrx_word' id='word_1_239' title='bbox 871 2719 942 2798; x_wconf 75' lang='lat' dir='ltr'><strong>Ed,</strong></span> <span class='ocrx_word' id='word_1_240' title='bbox 971 2724 1089 2798; x_wconf 91' lang='lat' dir='ltr'><strong>qualem</strong></span> <span class='ocrx_word' id='word_1_241' title='bbox 1116 2723 1280 2798; x_wconf 91' lang='lat' dir='ltr'><strong>pleniorem</strong></span> <span class='ocrx_word' id='word_1_242' title='bbox 1307 2723 1489 2783; x_wconf 89' lang='lat' dir='ltr'><strong>locutionem</strong></span> <span class='ocrx_word' id='word_1_243' title='bbox 1514 2743 1537 2781; x_wconf 92' lang='lat' dir='ltr'><strong>e.</strong></span> <span class='ocrx_word' id='word_1_244' title='bbox 1558 2743 1585 2802; x_wconf 83' lang='lat' dir='ltr'><strong>g.</strong></span> 
     </span>
     <span class='ocr_line' id='line_1_26' title="bbox 274 2815 1585 2900; baseline 0 -20"><span class='ocrx_word' id='word_1_245' title='bbox 274 2822 417 2881; x_wconf 90' lang='lat' dir='ltr'><strong>babemus</strong></span> <span class='ocrx_word' id='word_1_246' title='bbox 445 2822 557 2879; x_wconf 79' lang='lat' dir='ltr'><strong>n.122</strong></span> <span class='ocrx_word' id='word_1_247' title='bbox 585 2840 613 2879; x_wconf 85' lang='lat' dir='ltr'><strong>v.</strong></span> <span class='ocrx_word' id='word_1_248' title='bbox 635 2822 675 2879; x_wconf 79' lang='lat'><strong>12</strong></span> <span class='ocrx_word' id='word_1_249' title='bbox 709 2818 759 2880; x_wconf 88' lang='grc' dir='ltr'><strong>τὸν</strong></span> <span class='ocrx_word' id='word_1_250' title='bbox 788 2815 820 2880; x_wconf 68' lang='lat' dir='ltr'><strong>dt</strong></span> <span class='ocrx_word' id='word_1_251' title='bbox 851 2817 944 2879; x_wconf 88' lang='grc' dir='ltr'><strong><em>τόπον</em></strong></span> <span class='ocrx_word' id='word_1_252' title='bbox 967 2818 1032 2880; x_wconf 72' lang='lat' dir='ltr'><strong>diser</strong></span> <span class='ocrx_word' id='word_1_253' title='bbox 1063 2816 1079 2880; x_wconf 84' lang='lat' dir='ltr'><strong>d</strong></span> <span class='ocrx_word' id='word_1_254' title='bbox 1106 2818 1207 2900; x_wconf 84' lang='grc' dir='ltr'><strong><em>βωμὸς</em></strong></span> <span class='ocrx_word' id='word_1_255' title='bbox 1234 2829 1287 2880; x_wconf 82' lang='grc' dir='ltr'><strong><em>τοῦ</em></strong></span> <span class='ocrx_word' id='word_1_256' title='bbox 1315 2821 1448 2898; x_wconf 85' lang='grc' dir='ltr'><em>Κτησίου</em></span> <span class='ocrx_word' id='word_1_257' title='bbox 1476 2819 1527 2881; x_wconf 79' lang='grc' dir='ltr'><strong>καὶ</strong></span> <span class='ocrx_word' id='word_1_258' title='bbox 1554 2820 1585 2880; x_wconf 85' lang='grc' dir='ltr'><strong><em>τὸ</em></strong></span> 
     </span>
     <span class='ocr_line' id='line_1_27' title="bbox 275 2917 1584 2994; baseline -0.002 -14"><span class='ocrx_word' id='word_1_259' title='bbox 275 2919 392 2991; x_wconf 83' lang='grc' dir='ltr'><strong><em>ξόανον.</em></strong></span> <span class='ocrx_word' id='word_1_260' title='bbox 429 2918 605 2978; x_wconf 85' lang='lat' dir='ltr'><strong>Rectissime</strong></span> <span class='ocrx_word' id='word_1_261' title='bbox 627 2920 729 2977; x_wconf 89' lang='lat' dir='ltr'><strong>autem</strong></span> <span class='ocrx_word' id='word_1_262' title='bbox 752 2920 813 2976; x_wconf 86' lang='lat' dir='ltr'><strong>iam</strong></span> <span class='ocrx_word' id='word_1_263' title='bbox 836 2918 890 2976; x_wconf 94' lang='lat' dir='ltr'><strong>Th.</strong></span> <span class='ocrx_word' id='word_1_264' title='bbox 909 2917 1043 2977; x_wconf 81' lang='lat' dir='ltr'><strong>Reinach</strong></span> <span class='ocrx_word' id='word_1_265' title='bbox 1061 2917 1233 2994; x_wconf 80' lang='lat' dir='ltr'><strong>Sicyonium</strong></span> <span class='ocrx_word' id='word_1_266' title='bbox 1254 2919 1485 2978; x_wconf 78' lang='lat' dir='ltr'><strong>Euemerionem</strong></span> <span class='ocrx_word' id='word_1_267' title='bbox 1508 2938 1584 2978; x_wconf 88' lang='lat' dir='ltr'><strong>oom-</strong></span> 
     </span>
     <span class='ocr_line' id='line_1_28' title="bbox 273 3011 1585 3100; baseline 0 -24"><span class='ocrx_word' id='word_1_268' title='bbox 273 3018 403 3095; x_wconf 80' lang='lat' dir='ltr'><strong>paravil,</strong></span> <span class='ocrx_word' id='word_1_269' title='bbox 426 3017 514 3076; x_wconf 90' lang='lat' dir='ltr'><strong>deum</strong></span> <span class='ocrx_word' id='word_1_270' title='bbox 537 3017 622 3075; x_wconf 90' lang='lat' dir='ltr'><strong>illum</strong></span> <span class='ocrx_word' id='word_1_271' title='bbox 645 3015 801 3100; x_wconf 85' lang='lat' dir='ltr'><strong>medicum,</strong></span> <span class='ocrx_word' id='word_1_272' title='bbox 824 3034 914 3092; x_wconf 87' lang='lat' dir='ltr'><strong>quern</strong></span> <span class='ocrx_word' id='word_1_273' title='bbox 936 3015 1102 3076; x_wconf 90' lang='lat' dir='ltr'><strong>Pausanias</strong></span> <span class='ocrx_word' id='word_1_274' title='bbox 1125 3016 1251 3074; x_wconf 86' lang='lat' dir='ltr'><strong>eundem</strong></span> <span class='ocrx_word' id='word_1_275' title='bbox 1275 3019 1365 3093; x_wconf 85' lang='lat' dir='ltr'><strong>atque</strong></span> <span class='ocrx_word' id='word_1_276' title='bbox 1378 3011 1496 3077; x_wconf 84' lang='grc' dir='ltr'><strong><em>’Ἀκεσιν</em></strong></span> <span class='ocrx_word' id='word_1_277' title='bbox 1516 3018 1585 3094; x_wconf 78' lang='lat' dir='ltr'><strong>Epi·</strong></span> 
     </span>
     <span class='ocr_line' id='line_1_29' title="bbox 274 3105 1584 3196; baseline 0 -22"><span class='ocrx_word' id='word_1_278' title='bbox 274 3115 412 3174; x_wconf 90' lang='lat' dir='ltr'><strong>daurium</strong></span> <span class='ocrx_word' id='word_1_279' title='bbox 430 3116 644 3191; x_wconf 88' lang='lat' dir='ltr'><strong>iuterpretatur</strong></span> <span class='ocrx_word' id='word_1_280' title='bbox 658 3109 759 3194; x_wconf 87' lang='lat' dir='ltr'><strong>(Paus.</strong></span> <span class='ocrx_word' id='word_1_281' title='bbox 774 3113 805 3172; x_wconf 91' lang='lat' dir='ltr'>H</span> <span class='ocrx_word' id='word_1_282' title='bbox 822 3116 871 3188; x_wconf 88' lang='grc'><strong>11,</strong></span> <span class='ocrx_word' id='word_1_283' title='bbox 883 3105 968 3196; x_wconf 72' lang='lat'><strong>7).¹⁶)</strong></span> <span class='ocrx_word' id='word_1_284' title='bbox 1001 3113 1027 3172; x_wconf 87' lang='lat' dir='ltr'>N</span> <span class='ocrx_word' id='word_1_285' title='bbox 1031 3131 1119 3173; x_wconf 89' lang='lat' dir='ltr'><strong>ovum</strong></span> <span class='ocrx_word' id='word_1_286' title='bbox 1132 3115 1227 3190; x_wconf 82' lang='lat' dir='ltr'><strong>igitur</strong></span> <span class='ocrx_word' id='word_1_287' title='bbox 1241 3118 1272 3173; x_wconf 91' lang='lat' dir='ltr'><strong>et</strong></span> <span class='ocrx_word' id='word_1_288' title='bbox 1285 3115 1402 3193; x_wconf 84' lang='lat' dir='ltr'><strong>insigne</strong></span> <span class='ocrx_word' id='word_1_289' title='bbox 1417 3116 1584 3193; x_wconf 86' lang='lat' dir='ltr'><strong>exemplum</strong></span> 
     </span>
    </p>
   </div>
   <div class='ocr_carea' id='block_1_4' title="bbox 272 3281 1586 4155">
    <p class='ocr_par' dir='ltr' id='par_1_6' title="bbox 273 3281 1581 3512">
     <span class='ocr_line' id='line_1_30' title="bbox 362 3281 1581 3354; baseline -0.002 -15"><span class='ocrx_word' id='word_1_290' title='bbox 362 3287 388 3354; x_wconf 84' lang='lat'><strong>9)</strong></span> <span class='ocrx_word' id='word_1_291' title='bbox 415 3285 555 3339; x_wconf 87' lang='lat' dir='ltr'><strong>vetustate</strong></span> <span class='ocrx_word' id='word_1_292' title='bbox 572 3283 746 3338; x_wconf 84' lang='lat' dir='ltr'><strong>labefactum</strong></span> <span class='ocrx_word' id='word_1_293' title='bbox 765 3283 851 3337; x_wconf 89' lang='lat' dir='ltr'><strong>l&#39;uisse</strong></span> <span class='ocrx_word' id='word_1_294' title='bbox 870 3281 901 3336; x_wconf 79' lang='lat' dir='ltr'><strong>a.</strong></span> <span class='ocrx_word' id='word_1_295' title='bbox 918 3283 1100 3337; x_wconf 84' lang='lat' dir='ltr'><strong>manifestum</strong></span> <span class='ocrx_word' id='word_1_296' title='bbox 1119 3282 1207 3350; x_wconf 87' lang='lat' dir='ltr'><strong>ducit,</strong></span> <span class='ocrx_word' id='word_1_297' title='bbox 1226 3299 1279 3354; x_wconf 82' lang='lat' dir='ltr'><strong>ego</strong></span> <span class='ocrx_word' id='word_1_298' title='bbox 1298 3301 1354 3338; x_wconf 91' lang='lat' dir='ltr'><strong>non</strong></span> <span class='ocrx_word' id='word_1_299' title='bbox 1373 3285 1459 3352; x_wconf 69' lang='lat' dir='ltr'><strong>duco,</strong></span> <span class='ocrx_word' id='word_1_300' title='bbox 1480 3283 1581 3338; x_wconf 87' lang='lat' dir='ltr'><strong>titulus</strong></span> 
     </span>
     <span class='ocr_line' id='line_1_31' title="bbox 273 3362 1581 3434; baseline -0.001 -15"><span class='ocrx_word' id='word_1_301' title='bbox 273 3365 389 3434; x_wconf 88' lang='lat' dir='ltr'><strong>quidem</strong></span> <span class='ocrx_word' id='word_1_302' title='bbox 403 3365 511 3419; x_wconf 89' lang='lat' dir='ltr'><strong>nullum</strong></span> <span class='ocrx_word' id='word_1_303' title='bbox 531 3363 615 3418; x_wconf 91' lang='lat' dir='ltr'><strong>huius</strong></span> <span class='ocrx_word' id='word_1_304' title='bbox 634 3363 675 3418; x_wconf 92' lang='lat' dir='ltr'><strong>rei</strong></span> <span class='ocrx_word' id='word_1_305' title='bbox 688 3363 840 3432; x_wconf 78' lang='lat' dir='ltr'><strong>vestigium</strong></span> <span class='ocrx_word' id='word_1_306' title='bbox 859 3362 977 3432; x_wconf 89' lang='lat' dir='ltr'><strong>praebet</strong></span> <span class='ocrx_word' id='word_1_307' title='bbox 995 3367 1024 3417; x_wconf 90' lang='lat' dir='ltr'><strong>et</strong></span> <span class='ocrx_word' id='word_1_308' title='bbox 1042 3363 1108 3417; x_wconf 87' lang='lat' dir='ltr'><strong>talis</strong></span> <span class='ocrx_word' id='word_1_309' title='bbox 1127 3362 1205 3417; x_wconf 90' lang='lat' dir='ltr'><strong>labes</strong></span> <span class='ocrx_word' id='word_1_310' title='bbox 1225 3379 1310 3418; x_wconf 87' lang='lat' dir='ltr'><strong>eausa</strong></span> <span class='ocrx_word' id='word_1_311' title='bbox 1329 3366 1390 3418; x_wconf 90' lang='lat' dir='ltr'><strong>erat</strong></span> <span class='ocrx_word' id='word_1_312' title='bbox 1403 3364 1581 3428; x_wconf 81' lang='lat' dir='ltr'><strong>restituendi,</strong></span> 
     </span>
     <span class='ocr_line' id='line_1_32' title="bbox 273 3442 1460 3512; baseline -0.002 -12"><span class='ocrx_word' id='word_1_313' title='bbox 273 3463 330 3501; x_wconf 94' lang='lat' dir='ltr'><strong>non</strong></span> <span class='ocrx_word' id='word_1_314' title='bbox 349 3444 543 3500; x_wconf 82' lang='lat' dir='ltr'><strong>transferendi.</strong></span> <span class='ocrx_word' id='word_1_315' title='bbox 580 3444 682 3499; x_wconf 81' lang='lat' dir='ltr'><strong>Nescio</strong></span> <span class='ocrx_word' id='word_1_316' title='bbox 700 3460 737 3496; x_wconf 86' lang='lat' dir='ltr'><strong>au</strong></span> <span class='ocrx_word' id='word_1_317' title='bbox 756 3442 864 3498; x_wconf 83' lang='lat' dir='ltr'><strong>civibus</strong></span> <span class='ocrx_word' id='word_1_318' title='bbox 884 3444 954 3498; x_wconf 89' lang='lat' dir='ltr'><strong>situs</strong></span> <span class='ocrx_word' id='word_1_319' title='bbox 974 3443 1085 3498; x_wconf 88' lang='lat' dir='ltr'><strong>delubri</strong></span> <span class='ocrx_word' id='word_1_320' title='bbox 1103 3460 1204 3512; x_wconf 91' lang='lat' dir='ltr'><strong>parum</strong></span> <span class='ocrx_word' id='word_1_321' title='bbox 1222 3446 1301 3497; x_wconf 84' lang='lat' dir='ltr'><strong>tutus</strong></span> <span class='ocrx_word' id='word_1_322' title='bbox 1321 3443 1396 3498; x_wconf 84' lang='lat' dir='ltr'><strong>visus</strong></span> <span class='ocrx_word' id='word_1_323' title='bbox 1416 3445 1460 3498; x_wconf 86' lang='lat' dir='ltr'><strong>eit.</strong></span> 
     </span>
    </p>

    <p class='ocr_par' dir='ltr' id='par_1_7' title="bbox 273 3523 1584 3676">
     <span class='ocr_line' id='line_1_33' title="bbox 345 3523 1584 3597; baseline -0.002 -17"><span class='ocrx_word' id='word_1_324' title='bbox 345 3530 389 3597; x_wconf 91' lang='lat'><strong>10)</strong></span> <span class='ocrx_word' id='word_1_325' title='bbox 417 3525 529 3580; x_wconf 89' lang='lat' dir='ltr'><strong>Ptoium</strong></span> <span class='ocrx_word' id='word_1_326' title='bbox 548 3526 608 3579; x_wconf 91' lang='lat' dir='ltr'><strong>sine</strong></span> <span class='ocrx_word' id='word_1_327' title='bbox 628 3523 727 3590; x_wconf 90' lang='lat' dir='ltr'><strong>dubio,</strong></span> <span class='ocrx_word' id='word_1_328' title='bbox 746 3527 778 3577; x_wconf 91' lang='lat' dir='ltr'><strong>ut</strong></span> <span class='ocrx_word' id='word_1_329' title='bbox 797 3524 855 3576; x_wconf 84' lang='lat' dir='ltr'><strong>iam</strong></span> <span class='ocrx_word' id='word_1_330' title='bbox 874 3526 949 3578; x_wconf 86' lang='lat' dir='ltr'><strong>recte</strong></span> <span class='ocrx_word' id='word_1_331' title='bbox 968 3524 999 3577; x_wconf 87' lang='lat' dir='ltr'><strong>lt.</strong></span> <span class='ocrx_word' id='word_1_332' title='bbox 1020 3525 1133 3590; x_wconf 87' lang='lat' dir='ltr'><strong>statuit,</strong></span> <span class='ocrx_word' id='word_1_333' title='bbox 1153 3527 1182 3578; x_wconf 90' lang='lat' dir='ltr'><strong>ot</strong></span> <span class='ocrx_word' id='word_1_334' title='bbox 1201 3523 1247 3578; x_wconf 92' lang='lat' dir='ltr'><strong>dei</strong></span> <span class='ocrx_word' id='word_1_335' title='bbox 1265 3523 1421 3594; x_wconf 87' lang='lat' dir='ltr'><strong>prophetae</strong></span> <span class='ocrx_word' id='word_1_336' title='bbox 1440 3525 1510 3594; x_wconf 86' lang='lat' dir='ltr'><strong>ipsi,</strong></span> <span class='ocrx_word' id='word_1_337' title='bbox 1529 3542 1584 3580; x_wconf 90' lang='lat' dir='ltr'><strong>non</strong></span> 
     </span>
     <span class='ocr_line' id='line_1_34' title="bbox 273 3604 1173 3676; baseline -0.004 -16"><span class='ocrx_word' id='word_1_338' title='bbox 273 3606 382 3662; x_wconf 86' lang='lat' dir='ltr'><strong>scribae</strong></span> <span class='ocrx_word' id='word_1_339' title='bbox 400 3605 573 3676; x_wconf 79' lang='lat' dir='ltr'><strong>Tanagreusi</strong></span> <span class='ocrx_word' id='word_1_340' title='bbox 592 3604 745 3659; x_wconf 86' lang='lat' dir='ltr'><strong>dialectum</strong></span> <span class='ocrx_word' id='word_1_341' title='bbox 763 3604 926 3658; x_wconf 87' lang='lat' dir='ltr'><strong>Bneotieam</strong></span> <span class='ocrx_word' id='word_1_342' title='bbox 945 3604 1051 3658; x_wconf 86' lang='lat' dir='ltr'><strong>oraculi</strong></span> <span class='ocrx_word' id='word_1_343' title='bbox 1071 3604 1173 3658; x_wconf 84' lang='lat' dir='ltr'><strong>tribuo.</strong></span> 
     </span>
    </p>

    <p class='ocr_par' dir='ltr' id='par_1_8' title="bbox 273 3683 1585 3834">
     <span class='ocr_line' id='line_1_35' title="bbox 346 3683 1585 3756; baseline -0.002 -16"><span class='ocrx_word' id='word_1_344' title='bbox 346 3689 389 3756; x_wconf 97' lang='grc'><strong>11)</strong></span> <span class='ocrx_word' id='word_1_345' title='bbox 418 3686 453 3741; x_wconf 82' lang='lat' dir='ltr'><strong>of.</strong></span> <span class='ocrx_word' id='word_1_346' title='bbox 473 3687 617 3741; x_wconf 89' lang='lat' dir='ltr'><strong>decretum</strong></span> <span class='ocrx_word' id='word_1_347' title='bbox 641 3684 776 3754; x_wconf 87' lang='lat' dir='ltr'><strong>Oropium</strong></span> <span class='ocrx_word' id='word_1_348' title='bbox 799 3689 888 3750; x_wconf 77' lang='grc'>1161,</span> <span class='ocrx_word' id='word_1_349' title='bbox 917 3701 973 3753; x_wconf 90' lang='lat' dir='ltr'><strong>quo</strong></span> <span class='ocrx_word' id='word_1_350' title='bbox 999 3684 1068 3738; x_wconf 90' lang='lat' dir='ltr'><strong>item</strong></span> <span class='ocrx_word' id='word_1_351' title='bbox 1090 3683 1219 3738; x_wconf 73' lang='lat' dir='ltr'><strong>hauriri</strong></span> <span class='ocrx_word' id='word_1_352' title='bbox 1243 3685 1329 3738; x_wconf 87' lang='lat' dir='ltr'><strong>sacris</strong></span> <span class='ocrx_word' id='word_1_353' title='bbox 1353 3683 1585 3738; x_wconf 85' lang='lat' dir='ltr'><strong>administrandis</strong></span> 
     </span>
     <span class='ocr_line' id='line_1_36' title="bbox 273 3763 1230 3834; baseline -0.004 -12"><span class='ocrx_word' id='word_1_354' title='bbox 273 3767 360 3822; x_wconf 88' lang='lat' dir='ltr'><strong>creari</strong></span> <span class='ocrx_word' id='word_1_355' title='bbox 379 3766 520 3832; x_wconf 84' lang='lat' dir='ltr'><strong>iubentur,</strong></span> <span class='ocrx_word' id='word_1_356' title='bbox 539 3765 599 3819; x_wconf 91' lang='lat' dir='ltr'><strong>illic</strong></span> <span class='ocrx_word' id='word_1_357' title='bbox 616 3767 712 3819; x_wconf 89' lang='lat' dir='ltr'><strong>tamen</strong></span> <span class='ocrx_word' id='word_1_358' title='bbox 731 3763 791 3819; x_wconf 90' lang='lat' dir='ltr'><strong>sine</strong></span> <span class='ocrx_word' id='word_1_359' title='bbox 809 3765 944 3833; x_wconf 89' lang='lat' dir='ltr'><strong>temporis</strong></span> <span class='ocrx_word' id='word_1_360' title='bbox 964 3764 1230 3834; x_wconf 86' lang='lat' dir='ltr'><strong>circumscriptione.</strong></span> 
     </span>
    </p>

    <p class='ocr_par' dir='ltr' id='par_1_9' title="bbox 272 3843 1586 4155">
     <span class='ocr_line' id='line_1_37' title="bbox 345 3843 1586 3917; baseline 0 -17"><span class='ocrx_word' id='word_1_361' title='bbox 345 3850 390 3917; x_wconf 75' lang='grc'><strong>11)</strong></span> <span class='ocrx_word' id='word_1_362' title='bbox 417 3863 479 3900; x_wconf 86' lang='lat' dir='ltr'><strong>raro</strong></span> <span class='ocrx_word' id='word_1_363' title='bbox 498 3861 561 3900; x_wconf 90' lang='lat' dir='ltr'><strong>eam</strong></span> <span class='ocrx_word' id='word_1_364' title='bbox 580 3845 656 3915; x_wconf 90' lang='lat' dir='ltr'><strong>apud</strong></span> <span class='ocrx_word' id='word_1_365' title='bbox 671 3843 791 3898; x_wconf 85' lang='lat' dir='ltr'><strong>Graecos</strong></span> <span class='ocrx_word' id='word_1_366' title='bbox 806 3859 949 3898; x_wconf 87' lang='lat' dir='ltr'><strong>occurrere</strong></span> <span class='ocrx_word' id='word_1_367' title='bbox 968 3846 1064 3898; x_wconf 90' lang='lat' dir='ltr'><strong>monet</strong></span> <span class='ocrx_word' id='word_1_368' title='bbox 1079 3844 1119 3910; x_wconf 74' lang='lat' dir='ltr'><strong>a,</strong></span> <span class='ocrx_word' id='word_1_369' title='bbox 1137 3844 1315 3898; x_wconf 88' lang='lat' dir='ltr'><strong>notissimum</strong></span> <span class='ocrx_word' id='word_1_370' title='bbox 1329 3844 1490 3914; x_wconf 86' lang='lat' dir='ltr'><strong>exemplum</strong></span> <span class='ocrx_word' id='word_1_371' title='bbox 1504 3861 1586 3914; x_wconf 86' lang='lat' dir='ltr'><strong>prae-</strong></span> 
     </span>
     <span class='ocr_line' id='line_1_38' title="bbox 272 3919 1586 3994; baseline -0.001 -14"><span class='ocrx_word' id='word_1_372' title='bbox 272 3927 355 3982; x_wconf 89' lang='lat' dir='ltr'><strong>betur</strong></span> <span class='ocrx_word' id='word_1_373' title='bbox 373 3925 589 3980; x_wconf 80' lang='lat' dir='ltr'><strong>Atheniensium</strong></span> <span class='ocrx_word' id='word_1_374' title='bbox 607 3927 691 3994; x_wconf 89' lang='lat' dir='ltr'><strong>paeto</strong></span> <span class='ocrx_word' id='word_1_375' title='bbox 710 3925 777 3979; x_wconf 86' lang='lat' dir='ltr'><strong>anni</strong></span> <span class='ocrx_word' id='word_1_376' title='bbox 796 3929 862 3978; x_wconf 81' lang='lat'><strong>403:</strong></span> <span class='ocrx_word' id='word_1_377' title='bbox 882 3925 966 3978; x_wconf 89' lang='lat' dir='ltr'><strong>Arist.</strong></span> <span class='ocrx_word' id='word_1_378' title='bbox 982 3919 1037 3978; x_wconf 73' lang='grc' dir='ltr'><strong>Ἀθ.</strong></span> <span class='ocrx_word' id='word_1_379' title='bbox 1057 3926 1125 3978; x_wconf 74' lang='grc' dir='ltr'><strong><em>Πολ.</em></strong></span> <span class='ocrx_word' id='word_1_380' title='bbox 1146 3929 1179 3978; x_wconf 83' lang='grc'><strong>39</strong></span> <span class='ocrx_word' id='word_1_381' title='bbox 1199 3923 1249 3978; x_wconf 77' lang='grc' dir='ltr'><strong><em>ἐὰν</em></strong></span> <span class='ocrx_word' id='word_1_382' title='bbox 1268 3923 1300 3978; x_wconf 78' lang='grc' dir='ltr'><strong>δέ</strong></span> <span class='ocrx_word' id='word_1_383' title='bbox 1318 3943 1392 3988; x_wconf 86' lang='grc' dir='ltr'><strong><em>τινες</em></strong></span> <span class='ocrx_word' id='word_1_384' title='bbox 1409 3932 1466 3978; x_wconf 83' lang='grc' dir='ltr'><strong>τῶν</strong></span> <span class='ocrx_word' id='word_1_385' title='bbox 1484 3923 1586 3979; x_wconf 83' lang='grc' dir='ltr'><strong><em>ἀπιόν-</em></strong></span> 
     </span>
     <span class='ocr_line' id='line_1_39' title="bbox 272 4001 1585 4076; baseline -0.002 -15"><span class='ocrx_word' id='word_1_386' title='bbox 272 4027 328 4060; x_wconf 85' lang='grc' dir='ltr'><strong>των</strong></span> <span class='ocrx_word' id='word_1_387' title='bbox 347 4003 442 4061; x_wconf 75' lang='grc' dir='ltr'><strong><em>οἰκίαν</em></strong></span> <span class='ocrx_word' id='word_1_388' title='bbox 460 4004 638 4076; x_wconf 78' lang='grc' dir='ltr'><strong><em>λαμβάνωσιν</em></strong></span> <span class='ocrx_word' id='word_1_389' title='bbox 655 4001 801 4070; x_wconf 70' lang='grc' dir='ltr'><strong><em>Ἐλευσῖνι,</em></strong></span> <span class='ocrx_word' id='word_1_390' title='bbox 820 4001 987 4073; x_wconf 75' lang='grc' dir='ltr'><strong><em>συμπείθειν</em></strong></span> <span class='ocrx_word' id='word_1_391' title='bbox 1005 4004 1056 4059; x_wconf 85' lang='grc' dir='ltr'><strong>τὸν</strong></span> <span class='ocrx_word' id='word_1_392' title='bbox 1074 4003 1256 4074; x_wconf 75' lang='grc' dir='ltr'><strong><em>κεκτημένον·</em></strong></span> <span class='ocrx_word' id='word_1_393' title='bbox 1282 4004 1332 4060; x_wconf 82' lang='grc' dir='ltr'><strong><em>ἐὰν</em></strong></span> <span class='ocrx_word' id='word_1_394' title='bbox 1351 4005 1382 4058; x_wconf 74' lang='grc' dir='ltr'><strong>δὲ</strong></span> <span class='ocrx_word' id='word_1_395' title='bbox 1404 4003 1441 4073; x_wconf 83' lang='grc' dir='ltr'><strong>μὴ</strong></span> <span class='ocrx_word' id='word_1_396' title='bbox 1468 4003 1585 4076; x_wconf 74' lang='grc' dir='ltr'><strong><em>συμβαί-</em></strong></span> 
     </span>
     <span class='ocr_line' id='line_1_40' title="bbox 273 4079 1585 4155; baseline -0.002 -14"><span class='ocrx_word' id='word_1_397' title='bbox 273 4103 359 4142; x_wconf 86' lang='grc' dir='ltr'><strong><em>νωσιν</em></strong></span> <span class='ocrx_word' id='word_1_398' title='bbox 377 4085 511 4154; x_wconf 73' lang='grc' dir='ltr'><strong><em>ἀλλήλοις,</em></strong></span> <span class='ocrx_word' id='word_1_399' title='bbox 529 4083 672 4155; x_wconf 82' lang='grc' dir='ltr'><strong><em>τιμητὰς</em></strong></span> <span class='ocrx_word' id='word_1_400' title='bbox 690 4083 803 4138; x_wconf 73' lang='grc' dir='ltr'><strong><em>ἑλέσθαι</em></strong></span> <span class='ocrx_word' id='word_1_401' title='bbox 821 4091 895 4149; x_wconf 79' lang='grc' dir='ltr'><strong><em>τρεῖς</em></strong></span> <span class='ocrx_word' id='word_1_402' title='bbox 912 4083 1045 4153; x_wconf 78' lang='grc' dir='ltr'><strong><em>ἑκάτερον</em></strong></span> <span class='ocrx_word' id='word_1_403' title='bbox 1064 4085 1113 4138; x_wconf 78' lang='grc' dir='ltr'><strong>καὶ</strong></span> <span class='ocrx_word' id='word_1_404' title='bbox 1131 4079 1224 4154; x_wconf 81' lang='grc' dir='ltr'><strong><em>ἥντιν’</em></strong></span> <span class='ocrx_word' id='word_1_405' title='bbox 1245 4081 1283 4138; x_wconf 73' lang='grc' dir='ltr'><strong><em>ἂν</em></strong></span> <span class='ocrx_word' id='word_1_406' title='bbox 1301 4079 1380 4138; x_wconf 74' lang='grc' dir='ltr'><strong><em>οὗτοι</em></strong></span> <span class='ocrx_word' id='word_1_407' title='bbox 1404 4084 1526 4149; x_wconf 77' lang='grc' dir='ltr'><strong><em>τάξωσιν</em></strong></span> <span class='ocrx_word' id='word_1_408' title='bbox 1545 4104 1585 4138; x_wconf 86' lang='grc' dir='ltr'><strong><em>τι·</em></strong></span> 
     </span>
    </p>
   </div>
   <div class='ocr_carea' id='block_1_5' title="bbox 273 4168 1584 4315">
    <p class='ocr_par' dir='ltr' id='par_1_10' title="bbox 273 4168 1584 4315">
     <span class='ocr_line' id='line_1_41' title="bbox 273 4168 1584 4315; baseline -0.001 -15"><span class='ocrx_word' id='word_1_409' title='bbox 273 4187 328 4236; x_wconf 54' lang='grc' dir='ltr'><strong>μην</strong></span> <span class='ocrx_word' id='word_1_410' title='bbox 345 4168 704 4315; x_wconf 47' lang='grc' dir='ltr'><strong><em>ῘὲῗβέἕεξτεΙΙοτ-Ηοοετι</em></strong></span> <span class='ocrx_word' id='word_1_411' title='bbox 724 4243 830 4299; x_wconf 63' lang='lat' dir='ltr'><strong>Gneo.</strong></span> <span class='ocrx_word' id='word_1_412' title='bbox 848 4243 936 4313; x_wconf 72' lang='lat' dir='ltr'><strong>Myro.</strong></span> <span class='ocrx_word' id='word_1_413' title='bbox 956 4261 983 4313; x_wconf 95' lang='lat' dir='ltr'><strong>p.</strong></span> <span class='ocrx_word' id='word_1_414' title='bbox 1000 4249 1063 4310; x_wconf 75' lang='lat'><strong>752,</strong></span> <span class='ocrx_word' id='word_1_415' title='bbox 1087 4241 1217 4313; x_wconf 81' lang='lat' dir='ltr'><strong>Toeplier</strong></span> <span class='ocrx_word' id='word_1_416' title='bbox 1235 4245 1293 4300; x_wconf 76' lang='lat' dir='ltr'><strong>Ate.</strong></span> <span class='ocrx_word' id='word_1_417' title='bbox 1310 4243 1421 4299; x_wconf 74' lang='lat' dir='ltr'><strong>Gemi.</strong></span> <span class='ocrx_word' id='word_1_418' title='bbox 1440 4262 1469 4314; x_wconf 90' lang='lat' dir='ltr'><strong>p.</strong></span> <span class='ocrx_word' id='word_1_419' title='bbox 1485 4249 1584 4313; x_wconf 76' lang='lat' dir='ltr'><strong>296sq.</strong></span> 
     </span>
    </p>
   </div>
   <div class='ocr_carea' id='block_1_6' title="bbox 271 4322 1584 4953">
    <p class='ocr_par' dir='ltr' id='par_1_11' title="bbox 272 4322 1584 4793">
     <span class='ocr_line' id='line_1_42' title="bbox 345 4322 1584 4394; baseline 0 -16"><span class='ocrx_word' id='word_1_420' title='bbox 345 4328 388 4394; x_wconf 79' lang='grc'><strong>11)</strong></span> <span class='ocrx_word' id='word_1_421' title='bbox 416 4325 548 4379; x_wconf 87' lang='lat' dir='ltr'><strong>videntur</strong></span> <span class='ocrx_word' id='word_1_422' title='bbox 571 4328 645 4380; x_wconf 88' lang='lat' dir='ltr'><strong>certe</strong></span> <span class='ocrx_word' id='word_1_423' title='bbox 669 4322 838 4393; x_wconf 73' lang='lat' dir='ltr'><strong>comparari,</strong></span> <span class='ocrx_word' id='word_1_424' title='bbox 867 4327 900 4377; x_wconf 88' lang='lat' dir='ltr'><strong>ut</strong></span> <span class='ocrx_word' id='word_1_425' title='bbox 922 4324 1034 4378; x_wconf 89' lang='lat' dir='ltr'><strong>cantius</strong></span> <span class='ocrx_word' id='word_1_426' title='bbox 1054 4323 1147 4378; x_wconf 88' lang='lat' dir='ltr'><strong>dicam</strong></span> <span class='ocrx_word' id='word_1_427' title='bbox 1165 4339 1250 4392; x_wconf 90' lang='lat' dir='ltr'><strong>quam</strong></span> <span class='ocrx_word' id='word_1_428' title='bbox 1269 4322 1379 4379; x_wconf 86' lang='lat' dir='ltr'><strong>Toeffer</strong></span> <span class='ocrx_word' id='word_1_429' title='bbox 1397 4328 1426 4378; x_wconf 89' lang='lat' dir='ltr'><strong>et</strong></span> <span class='ocrx_word' id='word_1_430' title='bbox 1445 4324 1584 4390; x_wconf 77' lang='lat' dir='ltr'><strong>Reinaoh3</strong></span> 
     </span>
     <span class='ocr_line' id='line_1_43' title="bbox 273 4403 1584 4474; baseline 0 -16"><span class='ocrx_word' id='word_1_431' title='bbox 273 4405 344 4460; x_wconf 87' lang='lat' dir='ltr'><strong>dicit</strong></span> <span class='ocrx_word' id='word_1_432' title='bbox 361 4406 437 4461; x_wconf 91' lang='lat' dir='ltr'><strong>enim</strong></span> <span class='ocrx_word' id='word_1_433' title='bbox 454 4405 528 4459; x_wconf 88' lang='lat' dir='ltr'><strong>Plut.</strong></span> <span class='ocrx_word' id='word_1_434' title='bbox 544 4404 578 4459; x_wconf 94' lang='lat' dir='ltr'><strong>Is.</strong></span> <span class='ocrx_word' id='word_1_435' title='bbox 593 4407 623 4458; x_wconf 92' lang='lat' dir='ltr'><strong>et</strong></span> <span class='ocrx_word' id='word_1_436' title='bbox 642 4403 687 4459; x_wconf 92' lang='lat' dir='ltr'><strong>Os.</strong></span> <span class='ocrx_word' id='word_1_437' title='bbox 703 4409 749 4458; x_wconf 81' lang='lat'><strong>69:</strong></span> <span class='ocrx_word' id='word_1_438' title='bbox 780 4420 835 4473; x_wconf 91' lang='lat' dir='ltr'><strong>quo</strong></span> <span class='ocrx_word' id='word_1_439' title='bbox 858 4406 984 4473; x_wconf 89' lang='lat' dir='ltr'><strong>tempore</strong></span> <span class='ocrx_word' id='word_1_440' title='bbox 1003 4404 1138 4474; x_wconf 77' lang='lat' dir='ltr'><strong>Aegyptii</strong></span> <span class='ocrx_word' id='word_1_441' title='bbox 1161 4403 1255 4458; x_wconf 87' lang='lat' dir='ltr'><strong>tristia</strong></span> <span class='ocrx_word' id='word_1_442' title='bbox 1277 4403 1346 4458; x_wconf 81' lang='lat' dir='ltr'><strong>Isidi</strong></span> <span class='ocrx_word' id='word_1_443' title='bbox 1366 4420 1445 4458; x_wconf 82' lang='lat' dir='ltr'><strong>sacra</strong></span> <span class='ocrx_word' id='word_1_444' title='bbox 1469 4403 1584 4472; x_wconf 80' lang='lat' dir='ltr'><strong>iaciant,</strong></span> 
     </span>
     <span class='ocr_line' id='line_1_44' title="bbox 273 4481 1584 4555; baseline -0.002 -15"><span class='ocrx_word' id='word_1_445' title='bbox 273 4501 305 4540; x_wconf 88' lang='lat' dir='ltr'><strong>co</strong></span> <span class='ocrx_word' id='word_1_446' title='bbox 324 4485 415 4540; x_wconf 84' lang='lat' dir='ltr'><strong>multa</strong></span> <span class='ocrx_word' id='word_1_447' title='bbox 434 4485 539 4539; x_wconf 91' lang='lat' dir='ltr'><strong>similia</strong></span> <span class='ocrx_word' id='word_1_448' title='bbox 557 4484 633 4555; x_wconf 86' lang='lat' dir='ltr'><strong>apud</strong></span> <span class='ocrx_word' id='word_1_449' title='bbox 653 4483 772 4538; x_wconf 87' lang='lat' dir='ltr'><strong>Graecos</strong></span> <span class='ocrx_word' id='word_1_450' title='bbox 791 4483 851 4552; x_wconf 78' lang='lat' dir='ltr'><strong>agi:</strong></span> <span class='ocrx_word' id='word_1_451' title='bbox 870 4485 919 4537; x_wconf 77' lang='grc' dir='ltr'><strong>καὶ</strong></span> <span class='ocrx_word' id='word_1_452' title='bbox 938 4483 990 4554; x_wconf 74' lang='grc' dir='ltr'><strong>γὰρ</strong></span> <span class='ocrx_word' id='word_1_453' title='bbox 1005 4481 1135 4554; x_wconf 64' lang='grc' dir='ltr'><strong><em>Ἀθήνησι</em></strong></span> <span class='ocrx_word' id='word_1_454' title='bbox 1154 4484 1336 4554; x_wconf 76' lang='grc' dir='ltr'><strong><em>νηστεύουσιν</em></strong></span> <span class='ocrx_word' id='word_1_455' title='bbox 1355 4483 1386 4538; x_wconf 74' lang='grc' dir='ltr'><strong>αὶ</strong></span> <span class='ocrx_word' id='word_1_456' title='bbox 1404 4493 1538 4554; x_wconf 73' lang='grc' dir='ltr'><strong><em>γυναῖκες</em></strong></span> <span class='ocrx_word' id='word_1_457' title='bbox 1555 4485 1584 4538; x_wconf 78' lang='grc' dir='ltr'><strong><em>ἐν</em></strong></span> 
     </span>
     <span class='ocr_line' id='line_1_45' title="bbox 275 4561 1584 4635; baseline 0.002 -18"><span class='ocrx_word' id='word_1_458' title='bbox 275 4562 480 4634; x_wconf 78' lang='grc' dir='ltr'><strong><em>Θεσμοφορίοις</em></strong></span> <span class='ocrx_word' id='word_1_459' title='bbox 507 4565 595 4635; x_wconf 78' lang='grc' dir='ltr'><strong><em>χαμαὶ</em></strong></span> <span class='ocrx_word' id='word_1_460' title='bbox 621 4563 796 4634; x_wconf 74' lang='grc' dir='ltr'><strong><em>καθήμεναι·</em></strong></span> <span class='ocrx_word' id='word_1_461' title='bbox 824 4563 873 4618; x_wconf 77' lang='grc' dir='ltr'><strong>καὶ</strong></span> <span class='ocrx_word' id='word_1_462' title='bbox 898 4565 1016 4618; x_wconf 77' lang='grc' dir='ltr'><strong><em>Βοιωτοὶ</em></strong></span> <span class='ocrx_word' id='word_1_463' title='bbox 1043 4563 1079 4618; x_wconf 80' lang='grc' dir='ltr'><strong><em>τὰ</em></strong></span> <span class='ocrx_word' id='word_1_464' title='bbox 1106 4571 1155 4633; x_wconf 80' lang='grc' dir='ltr'><strong><em>τῆς</em></strong></span> <span class='ocrx_word' id='word_1_465' title='bbox 1175 4561 1287 4635; x_wconf 75' lang='grc' dir='ltr'><strong><em>Ἀχαίας</em></strong></span> <span class='ocrx_word' id='word_1_466' title='bbox 1312 4563 1421 4634; x_wconf 65' lang='grc' dir='ltr'><strong><em>μέγαρα</em></strong></span> <span class='ocrx_word' id='word_1_467' title='bbox 1448 4573 1584 4632; x_wconf 80' lang='grc' dir='ltr'><strong><em>κινοῦσιν,</em></strong></span> 
     </span>
     <span class='ocr_line' id='line_1_46' title="bbox 274 4641 1584 4716; baseline 0.001 -19"><span class='ocrx_word' id='word_1_468' title='bbox 274 4643 386 4714; x_wconf 78' lang='grc' dir='ltr'><strong>ἐπαχθι)</strong></span> <span class='ocrx_word' id='word_1_469' title='bbox 409 4643 461 4713; x_wconf 80' lang='grc' dir='ltr'><strong>τὴν</strong></span> <span class='ocrx_word' id='word_1_470' title='bbox 480 4643 579 4715; x_wconf 80' lang='grc' dir='ltr'><strong><em>ἑορτὴν</em></strong></span> <span class='ocrx_word' id='word_1_471' title='bbox 598 4641 709 4715; x_wconf 82' lang='grc' dir='ltr'><strong><em>ἐκείνην</em></strong></span> <span class='ocrx_word' id='word_1_472' title='bbox 732 4643 916 4713; x_wconf 78' lang='grc' dir='ltr'><strong><em>ὀνομάζοντες</em></strong></span> <span class='ocrx_word' id='word_1_473' title='bbox 939 4645 976 4708; x_wconf 81' lang='grc' dir='ltr'><strong>ὡς</strong></span> <span class='ocrx_word' id='word_1_474' title='bbox 998 4643 1047 4699; x_wconf 75' lang='grc' dir='ltr'><strong>διὰ</strong></span> <span class='ocrx_word' id='word_1_475' title='bbox 1069 4643 1121 4713; x_wconf 79' lang='grc' dir='ltr'><strong>τὴν</strong></span> <span class='ocrx_word' id='word_1_476' title='bbox 1138 4651 1189 4713; x_wconf 83' lang='grc' dir='ltr'><strong><em>τῆς</em></strong></span> <span class='ocrx_word' id='word_1_477' title='bbox 1206 4641 1301 4714; x_wconf 80' lang='grc' dir='ltr'><strong><em>Κόρης</em></strong></span> <span class='ocrx_word' id='word_1_478' title='bbox 1323 4643 1453 4699; x_wconf 68' lang='grc' dir='ltr'><strong><em>κάθοδον</em></strong></span> <span class='ocrx_word' id='word_1_479' title='bbox 1472 4644 1503 4699; x_wconf 79' lang='grc' dir='ltr'><strong><em>ἐν</em></strong></span> <span class='ocrx_word' id='word_1_480' title='bbox 1522 4645 1584 4716; x_wconf 75' lang='grc' dir='ltr'><strong><em>ἄχει</em></strong></span> 
     </span>
     <span class='ocr_line' id='line_1_47' title="bbox 272 4723 595 4793; baseline -0.019 -1"><span class='ocrx_word' id='word_1_481' title='bbox 272 4731 321 4792; x_wconf 67' lang='grc' dir='ltr'><strong>τῆς</strong></span> <span class='ocrx_word' id='word_1_482' title='bbox 339 4723 486 4793; x_wconf 72' lang='grc' dir='ltr'><strong><em>Λήμνιοι</em></strong></span> <span class='ocrx_word' id='word_1_483' title='bbox 505 4723 595 4793; x_wconf 64' lang='grc' dir='ltr'><strong><em>οὗτοι.</em></strong></span> 
     </span>
    </p>

    <p class='ocr_par' dir='ltr' id='par_1_12' title="bbox 271 4801 1582 4953">
     <span class='ocr_line' id='line_1_48' title="bbox 345 4801 1582 4875; baseline -0.001 -18"><span class='ocrx_word' id='word_1_484' title='bbox 345 4805 388 4872; x_wconf 83' lang='lat' dir='ltr'><strong>lb)</strong></span> <span class='ocrx_word' id='word_1_485' title='bbox 416 4803 451 4858; x_wconf 81' lang='lat' dir='ltr'><strong>ci.</strong></span> <span class='ocrx_word' id='word_1_486' title='bbox 471 4803 506 4858; x_wconf 86' lang='lat' dir='ltr'><strong>de</strong></span> <span class='ocrx_word' id='word_1_487' title='bbox 524 4803 579 4859; x_wconf 92' lang='lat' dir='ltr'><strong>hoc</strong></span> <span class='ocrx_word' id='word_1_488' title='bbox 597 4805 650 4859; x_wconf 90' lang='lat' dir='ltr'><strong>deo</strong></span> <span class='ocrx_word' id='word_1_489' title='bbox 668 4823 692 4858; x_wconf 89' lang='lat' dir='ltr'><strong>v.</strong></span> <span class='ocrx_word' id='word_1_490' title='bbox 708 4803 898 4858; x_wconf 80' lang='lat' dir='ltr'><strong>Wilamowita</strong></span> <span class='ocrx_word' id='word_1_491' title='bbox 917 4805 995 4875; x_wconf 83' lang='lat' dir='ltr'><strong>Isyll.</strong></span> <span class='ocrx_word' id='word_1_492' title='bbox 1015 4821 1041 4873; x_wconf 94' lang='lat' dir='ltr'><strong>p.</strong></span> <span class='ocrx_word' id='word_1_493' title='bbox 1059 4809 1105 4870; x_wconf 82' lang='lat' dir='ltr'><strong>bb,</strong></span> <span class='ocrx_word' id='word_1_494' title='bbox 1132 4801 1357 4859; x_wconf 86' lang='lat' dir='ltr'><strong>Prsller-Robcrt</strong></span> <span class='ocrx_word' id='word_1_495' title='bbox 1376 4803 1410 4859; x_wconf 84' lang='lat' dir='ltr'><strong>G.</strong></span> <span class='ocrx_word' id='word_1_496' title='bbox 1426 4803 1469 4857; x_wconf 88' lang='lat' dir='ltr'><strong>M.</strong></span> <span class='ocrx_word' id='word_1_497' title='bbox 1488 4821 1517 4874; x_wconf 91' lang='lat' dir='ltr'><strong>p.</strong></span> <span class='ocrx_word' id='word_1_498' title='bbox 1533 4808 1582 4857; x_wconf 77' lang='lat' dir='ltr'><strong>snt</strong></span> 
     </span>
     <span class='ocr_line' id='line_1_49' title="bbox 271 4881 832 4953; baseline 0.002 -18"><span class='ocrx_word' id='word_1_499' title='bbox 271 4884 329 4935; x_wconf 91' lang='lat' dir='ltr'><strong>not.</strong></span> <span class='ocrx_word' id='word_1_500' title='bbox 345 4889 370 4950; x_wconf 83' lang='lat'><strong>4,</strong></span> <span class='ocrx_word' id='word_1_501' title='bbox 390 4881 496 4937; x_wconf 89' lang='lat' dir='ltr'><strong>Usener</strong></span> <span class='ocrx_word' id='word_1_502' title='bbox 517 4884 710 4940; x_wconf 78' lang='lat' dir='ltr'><strong>Gdlteraameo</strong></span> <span class='ocrx_word' id='word_1_503' title='bbox 729 4902 756 4953; x_wconf 88' lang='lat' dir='ltr'><strong>p.</strong></span> <span class='ocrx_word' id='word_1_504' title='bbox 773 4889 832 4937; x_wconf 75' lang='lat'><strong>170.</strong></span> 
     </span>
    </p>
   </div>
   <div class='ocr_carea' id='block_1_7' title="bbox 0 0 1716 5462">
    <p class='ocr_par' dir='ltr' id='par_1_13' title="bbox 0 0 1716 5462">
     <span class='ocr_line' id='line_1_50' title="bbox 0 0 1716 5462; baseline 0 2"><span class='ocrx_word' id='word_1_505' title='bbox 0 0 1716 5462; x_wconf 95' lang='lat' dir='ltr'><strong> </strong></span> 
     </span>
    </p>
   </div>
  </div>
 </body>
</html>
