3424 5462
660 319 865 375 DELPHJCAE
884 327 960 376 1174
1400 323 1466 388 223

151 491 263 548 mentio
287 489 462 566 explicatur.
494 521 535 531 -
568 486 720 566 Κηύιιλεια
746 486 918 568 τιάρταμίτια
946 485 995 548 καὶ
1019 489 1157 569 Λάφριατ
1184 494 1256 550 nota
1284 494 1314 550 ct
1338 487 1467 551 Εὔκλεια

151 579 298 668 Danau)
322 591 353 646 et
375 588 475 647 Diana
497 579 680 670 Acpplc³⁵),
703 587 767 661 sed,
790 589 823 646 ni
845 587 942 663 fallor,
965 588 1031 664 ipso
1054 587 1173 647 nomine
1193 581 1360 669 Ἀρταμίτια
1382 607 1466 664 prae

152 689 236 744 terea
254 684 370 744 Dianae
393 686 485 745 feriae
505 685 630 763 Delphis
652 685 795 744 celebrari
818 704 877 744 non
895 689 1043 762 poterant,
1066 685 1125 745 nisi
1143 687 1258 764 origiue
1276 687 1319 746 ibi
1339 683 1467 746 Εὔκλεια

153 787 184 840 et
206 781 333 862 Λαφρία
357 783 429 842 deae
452 785 568 860 proprii
591 786 621 842 et
643 784 690 843 sui
712 783 843 843 numinis
867 787 966 859 erant,
995 783 1027 842 id
1050 784 1130 860 quod
1153 803 1220 843 cum
1243 784 1311 845 aliis
1334 786 1467 845 testimo-

152 873 307 961 moniia³⁶)
332 883 443 957 optime
467 882 613 942 convenit.
652 879 790 941 Ceterum
811 882 884 942 haec
907 881 968 941 tria
990 884 1068 942 festa
1091 885 1144 941 eut
1166 901 1266 942 mense
1284 881 1376 958 Bysio
1399 884 1469 958 post

153 978 231 1038 diem
253 979 297 1038 lx
325 982 379 1040 aut
405 981 533 1056 proximi
559 980 669 1039 mensis
693 979 854 1039 Theoxenii
886 983 972 1056 parte
999 980 1236 1040 Theoxeniorum
1267 982 1357 1040 ferias
1386 982 1468 1039 ante-

153 1077 275 1136 cedente
298 1076 402 1136 haheii
425 1077 516 1138 solita
539 1095 602 1136 esse
625 1096 660 1135 ex
683 1076 786 1136 ordine
809 1083 977 1153 temporum
1001 1077 1049 1136 hic
1071 1081 1189 1137 servato
1208 1080 1316 1138 statuit
1334 1070 1467 1136 Ditconb.

154 1207 197 1215 —
224 1172 363 1246 Θεοξένια
385 1175 543 1234 notissima
565 1174 750 1236 lectisternia
773 1175 909 1253 Apollini
932 1175 1089 1236 celebrata.
1113 1208 1155 1217 —
1180 1175 1294 1235 Deinde
1318 1179 1371 1235 aut
1393 1177 1468 1254 Τρα-

153 1273 233 1350 γίνια
260 1275 313 1330 aut
339 1270 472 1351 Τελχίνια
504 1273 565 1352 legi
596 1292 681 1349 posse
714 1273 875 1333 concedens
902 1273 1040 1334 Homolle
1072 1273 1147 1333 illud
1175 1274 1321 1350 praecidit
1346 1277 1470 1350 propter

154 1371 352 1430 arctissimam
377 1369 559 1446 Delphorum
584 1389 651 1430 cum
673 1373 793 1450 regione
817 1369 929 1431 Oetaea
952 1372 1176 1432 necessitudine.
1199 1403 1237 1412 -
1266 1369 1470 1450 Διοσκονρήια

153 1469 301 1545 Delphica
323 1467 397 1528 alibi
424 1488 485 1529 non
513 1470 678 1529 occurrunt.
704 1502 745 1511 —
770 1469 974 1550 Μεγαλάρτιατ
1003 1471 1177 1548 cognomine
1202 1469 1394 1550 Μεγάλαρτος
1417 1466 1469 1527 Oe-

153 1585 251 1626 rerem
279 1569 309 1626 et
335 1568 368 1624 in
392 1559 593 1646 Thessalia³⁷)
621 1570 652 1627 et
678 1569 709 1626 in
737 1559 922 1648 Boeotieae),
949 1567 1120 1646 regionibus
1143 1566 1328 1644 Delphorum
1355 1569 1470 1641 vicinis,

155 1666 268 1724 cultum
292 1683 355 1724 esse
378 1668 505 1739 constat,
528 1665 675 1740 Delphica
692 1666 788 1742 igitur
806 1663 998 1745 Μεγαλάρτια
1020 1667 1088 1742 ipsa
1112 1683 1230 1742 quoque
1250 1663 1365 1724 Cereris
1386 1682 1470 1723 sacre

155 1763 247 1822 fuisse
270 1763 510 1838 particulamque
533 1761 585 1822 καί
605 1763 684 1822 inter
706 1767 828 1824 nomina
846 1761 1048 1844 Διοσκουρήια
1071 1766 1102 1822 et
1120 1763 1312 1843 Μεγαλάρτια
1335 1781 1434 1823 errore
1453 1780 1471 1820 a

155 1861 288 1938 lapicida
315 1879 380 1921 esse
407 1863 547 1920 omissam
575 1864 687 1920 certum
715 1862 843 1921 videtur.
887 1861 1005 1921 Nomen
1031 1862 1102 1921 festi
1129 1879 1147 1920 a
1169 1861 1297 1937 panibus
1324 1861 1397 1919 deae
1420 1859 1471 1920 ob·

155 1961 227 2019 latis
251 1959 373 2018 ductum
397 1951 492 2041 est.⁸⁹)
535 1957 673 2020 Ceterum
700 1959 840 2039 Τραχίνια
863 1961 910 2019 vel
932 1957 1064 2038 Τελχίνια
1086 1959 1149 2034 illa,
1168 1957 1380 2036 Διοσκουρήια,
1404 1959 1470 2016 Με-

155 2056 296 2138 γαλάρτια
325 2060 378 2117 eut
403 2075 502 2117 mense
526 2057 694 2118 Theoxeuio
722 2060 791 2134 post
814 2057 983 2116 Theoxenie
1007 2060 1062 2116 aut
1088 2076 1188 2117 mense
1210 2056 1470 2134 Endyspoetmpio

156 2159 209 2215 aut
227 2155 373 2215 Heracleo
397 2159 465 2214 ante
483 2153 630 2215 Heraclea
653 2159 720 2215 acta
743 2174 806 2214 esse
825 2155 908 2215 Dttb.
927 2157 1052 2215 monuit.
1077 2187 1113 2196 —
1135 2148 1293 2234 Ἡράκλεια
1316 2154 1471 2230 Delphica,

155 2254 234 2314 unde
266 2255 375 2313 mensis
399 2253 600 2330 paenultimus
624 2272 731 2312 nomen
754 2255 845 2330 cepit,
879 2256 1039 2314 occurrunt
1061 2255 1134 2312 item
1161 2272 1207 2329 ap.
1223 2251 1471 2312 wicchar-Fou-

157 2352 367 2425 cmndi

246 2449 283 2507 V.
304 2452 345 2509 29
369 2450 451 2509 locus
475 2451 610 2524 sequitur
628 2451 715 2528 longe
735 2449 928 2509 difficillimus
947 2467 1001 2507 nec
1020 2449 1141 2527 singula
1159 2450 1264 2522 solnm,
1287 2448 1339 2508 sed
1357 2466 1473 2507 summa

157 2550 309 2608 structura
332 2547 423 2606 dubia
446 2551 504 2620 est3
528 2547 668 2607 dubitant
691 2549 770 2606 enim
788 2550 889 2606 utrum
908 2567 935 2606 v.
952 2548 992 2606 29
1012 2551 1076 2607 τοῖα
1096 2543 1128 2607 δὲ
1147 2565 1186 2606 an
1208 2545 1305 2606 cocciis
1313 2537 1354 2627 ⁴⁰)
1373 2546 1473 2623 legen-

158 2646 229 2705 dum
248 2647 297 2720 sit,
321 2646 456 2704 1132111.
475 2648 577 2704 utrum
598 2639 665 2725 [cll
685 2641 717 2705 δέ
735 2649 793 2704 κτλ.
813 2665 851 2704 an
875 2639 983 2724 [τ]άδε,
1007 2644 1148 2704 dubitant
1171 2645 1318 2721 quomodo
1337 2644 1472 2702 enuntia-

157 2749 222 2803 tum
254 2743 376 2802 πάντων
402 2740 452 2802 καὶ
474 2742 585 2802 άιδίων
611 2741 661 2802 καὶ
694 2741 845 2820 δαμοσίαν
871 2746 929 2802 κτλ.
954 2761 1021 2802 cum
1055 2743 1205 2820 superiore
1233 2742 1473 2820 coniungendam

158 2844 223 2902 sita
244 2842 388 2900 Attamen
411 2843 593 2900 structuram
614 2840 800 2901 tolerabilem
809 2840 945 2932 'quidem
969 2843 1096 2917 apteque
1120 2860 1261 2902 conexam
1279 2858 1340 2898 una
1359 2839 1473 2899 efficere

158 2940 233 2998 mihi
254 2938 373 2999 videtur
397 2957 432 2998 ea
455 2958 543 3015 quam
569 2957 659 3016 supra
682 2941 780 3015 recepi
802 2938 891 2998 lectio
911 2937 1087 3012 Beunaclrii‚
1110 2941 1163 3015 qui
1186 2941 1251 2997 τοῖα
1274 2935 1307 2998 δέ
1329 2937 1368 2997 ad
1391 2941 1473 2996 ante-

231 3147 275 3214 34)
304 3144 339 3198 cf.
358 3144 509 3214 praecipue
528 3144 601 3199 Pluc.
617 3145 701 3198 Arist.
718 3148 751 3198 20
770 3144 821 3214 τὴν
844 3141 873 3199 δ’
896 3144 1035 3199 mulctae
1059 3144 1091 3199 ol
1115 3143 1174 3212 μέν
1199 3143 1318 3198 πολλοὶ
1339 3142 1396 3196 καί
1414 3161 1473 3194 κοι-

161 3229 259 3280 λοῦσι
277 3227 335 3279 καλ
354 3222 555 3294 νομίζουσιν
569 3222 734 3294 Ἄρτεμιν,
758 3225 829 3280 ἔνιοι
846 3224 879 3280 δέ
898 3241 986 3294 φασιν
1001 3222 1172 3292 Ἡρακλέους
1193 3223 1243 3292 μὲν
1262 3221 1407 3293 θυγατέρα
1426 3222 1474 3275 καί

162 3309 297 3372 Μυρτοῦς
324 3303 458 3374 γενέσθαι
486 3335 519 3345 -
543 3337 576 3345 -
605 3303 807 3372 τελευτήσασαν
826 3305 857 3360 δὲ
876 3303 1024 3373 παρθένον
1044 3305 1117 3375 ἔχειν
1142 3303 1233 3372 παρά
1258 3321 1292 3358 τε
1311 3307 1475 3363 Βοιωτοῖς

161 3385 219 3440 καλ
237 3391 385 3452 Λοκροῖς
412 3383 504 3454 τιμάς·
534 3385 626 3456 βωμὸς
651 3384 703 3455 γὰρ
729 3387 799 3455 αὐτῇ
822 3386 871 3438 καὶ
889 3385 1000 3455 ἄγαλμα
1025 3383 1097 3438 κατὰ
1120 3393 1216 3439 πᾶσαν
1235 3381 1343 3452 άγορύιν
1363 3380 1475 3450 ἵδρυται

160 3466 208 3520 καλ
231 3464 410 3533 προθύουσιν
435 3463 470 3518 ce‘c⁷
483 3482 512 3519 τε
531 3466 704 3535 γαμούμεναι
725 3466 773 3519 καλ
794 3464 820 3519 ol
845 3473 1005 3534 γαμοῦντες.
1043 3463 1129 3518 Plura
1147 3463 1223 3532 apud
1241 3461 1475 3517 Praller-Robcrt

161 3547 267 3602 Gricch.
285 3547 375 3616 Myct.
394 3563 422 3614 p.
438 3550 499 3610 315,
510 3551 534 3612 2,
555 3545 668 3615 Grnppc
689 3545 737 3600 Gr.
754 3547 843 3614 Mptc.
863 3563 890 3614 p.
907 3551 991 3611 617,1
1013 3548 1042 3599 et
1062 3547 1138 3598 1282.

232 3628 277 3694 35)
300 3625 383 3679 Pane.
394 3624 502 3690 Ivem
513 3624 564 3678 VH
574 3631 616 3692 181
625 3631 717 3691 8-183
728 3624 952 3680 keller-Robort
961 3644 988 3695 p.
999 3629 1090 3692 310‚t‚
1101 3624 1215 3694 Gruppe
1226 3642 1253 3693 p.
1263 3628 1314 3676 ece
1326 3625 1355 3676 et
1366 3627 1473 3688 12924.

232 3707 277 3776 36)
306 3705 424 3759 Athenis
443 3705 580 3776 templum
599 3710 662 3762 eret
680 3703 817 3768 Εὐκλείας
835 3704 926 3776 (Ραυε.
941 3705 953 3758 I
970 3712 1011 3772 11,
1022 3707 1048 3773 5)
1068 3706 1097 3758 et
1115 3704 1145 3758 in
1164 3704 1275 3758 theatro
1295 3701 1367 3758 sella
1385 3717 1474 3756 sacer·

160 3785 234 3840 dotis
255 3781 391 3849 Εὐκλείας
413 3785 462 3840 καλ
482 3781 627 3855 Εὐνομίας
645 3787 705 3855 (Ιο
724 3785 761 3838 Ill
781 3789 856 3854 277),
880 3784 956 3839 idem
974 3784 1121 3838 Plutarchi
1144 3783 1235 3838 verbis
1255 3785 1322 3852 (not.
1338 3783 1382 3851 94)
1406 3781 1474 3835 satis

160 3865 265 3933 elucet,
296 3865 330 3919 cf.
349 3863 456 3920 Usener
480 3865 675 3921 Gdttcrcomec
697 3883 724 3935 p.
745 3871 809 3932 3693
838 3865 989 3935 Laphriam
1013 3865 1104 3934 ipsam
1126 3864 1208 3918 deam
1231 3863 1318 3917 fuisse
1342 3861 1385 3917 vel
1410 3861 1474 3916 idco

158 3947 217 4000 veri
241 3944 333 4000 simile
357 3949 414 4012 est,
437 3945 505 4013 quia
528 3946 610 4000 heros
633 3948 694 4001 crat
712 3945 866 4016 Delphicus
885 3945 1014 4014 Λάφριος
1031 3944 1123 4014 (Pauo.
1138 3943 1186 3997 VH
1205 3949 1283 4011 18,9,
1303 3941 1389 3997 schol.
1408 3941 1473 3997 Eur.

161 4024 206 4081 Or.
228 4029 316 4096 1094).

231 4109 276 4176 37)
304 4107 417 4175 praeter
437 4105 554 4160 titulum
577 4106 732 4161 Pheraeum
756 4106 865 4176 (Pridik
884 4107 970 4161 Ινιεοτ.
996 4105 1116 4160 Thessal.
1141 4121 1168 4173 p.
1189 4111 1205 4158 3
1229 4100 1474 4170 11.4Ἀντιτιάτρα

158 4184 360 4258 Ἐτιινιράτο[υς
378 4184 521 4258 Δάμα]τρι
539 4187 738 4258 Μεγαλ[άρ]τιμ
762 4185 981 4258 ίε[ρατεόσ]ασα)
1004 4184 1071 4239 fasti
1089 4184 1245 4240 Thessalici
1271 4198 1397 4239 mensem
1415 4187 1475 4236 Με-

161 4265 313 4337 γαλάρτιον
332 4265 497 4324 exhibentes
516 4266 651 4336 (Bischcff
672 4269 717 4322 Dc
735 4267 817 4334 scetis
837 4267 885 4322 Gr.
905 4284 932 4335 p.
948 4271 999 4319 327
1019 4283 1083 4319 cum
1101 4268 1159 4319 not.
1175 4267 1202 4334 2)
1225 4263 1348 4333 probant
1366 4263 1474 4333 (Dttb.).

233 4349 278 4416 33)
307 4346 408 4401 Athen.
423 4345 462 4400 111
479 4364 507 4416 p.
525 4347 600 4401 1091)
619 4345 654 4417 (X
672 4349 764 4411 4160).

233 4431 278 4494 39)
307 4426 341 4480 cf.
361 4426 463 4481 Athen.
483 4425 521 4480 111
544 4444 572 4496 p.
590 4427 664 4481 109f.
685 4426 720 4481 de
743 4426 887 4481 Deliorum
912 4425 1001 4480 feriis:
1030 4423 1162 4497 άγαΐνας·
1191 4425 1291 4480 τούτου
1314 4431 1365 4480 τοῦ
1388 4423 1476 4491 ἄρτου

161 4505 330 4576 μνημονεύει
344 4509 441 4576 Σῆμος
459 4505 490 4562 έν
509 4506 538 4576 η’
555 4507 696 4576 Δηλιάδος
714 4505 801 4576 λέγων
819 4515 882 4570 ταῖς
898 4505 1091 4576 Θεσμοφόροις
1107 4502 1252 4575 γίνεσθαι·
1272 4505 1326 4560 εἰσί
1345 4505 1376 4560 δὲ
1395 4503 1475 4573 άρτοι

162 4585 278 4657 μεγάλοι
296 4587 345 4641 καί
364 4585 446 4656 ἑορτι)
464 4589 589 4642 καλεῖται
602 4585 786 4657 Μεγαλάρτια
801 4585 985 4655 ἐπιλεγόντων
1003 4594 1060 4640 τῶν
1078 4582 1236 4655 φερόντων·
1257 4583 1379 4657 άγαίνην
1396 4582 1476 4639 στέα-

164 4686 211 4730 τος
230 4665 355 4736 ἔμπλεων
372 4664 485 4736 τράγον.

147 4757 150 4766 ’
234 4750 278 4816 49)
307 4749 374 4802 τότα
397 4745 430 4802 δέ
452 4745 547 4815 Hom,
576 4750 607 4801 at
628 4747 659 4802 in
681 4747 735 4802 hoc
758 4746 842 4802 titulo
871 4745 1004 4800 scribitur
1026 4753 1111 4800 τούτα
1130 4745 1163 4815 (Β
1180 4748 1238 4816 21);
1266 4743 1476 4814 Dittenbergeri

164 4831 260 4882 autem
281 4827 450 4894 coniectura,
470 4844 526 4896 qua
544 4825 611 4884 τότα
629 4845 680 4898 pro
698 4825 767 4884 τόσα
786 4828 923 4897 scriptum
936 4826 1024 4881 fuisse
1038 4827 1124 4895 idque
1138 4825 1184 4880 hic
1197 4842 1249 4894 pro
1262 4825 1382 4880 relativo
1396 4841 1475 4878 usur·

161 4908 224 4977 pari
243 4907 339 4973 sumit,
357 4907 402 4963 vel
420 4907 551 4963 inaudita
570 4907 660 4963 forma
678 4907 804 4964 offendit.
