3450 5458
672 327 873 382 1111111111
890 346 918 382 n.
934 334 967 382 11
1410 331 1474 396 159

250 495 312 555 Lex
335 513 420 556 sacra
438 496 589 572 Asclepiei
612 496 770 573 Epidaurii
792 500 919 557 exeunte
938 497 966 554 V
985 515 1011 555 1.
1031 496 1098 556 Chr.
1122 518 1150 556 n.
1175 498 1303 574 saeculo,
1327 503 1473 576 quantum

158 613 174 652 1
199 585 405 675 litteratura³)
429 596 561 670 apparet,
584 592 741 674 στοιχηδὸν
764 595 865 655 incisa

249 691 336 752 Duae
359 696 431 752 sunt
452 696 553 768 partes
576 693 672 751 tituli:
696 693 778 768 prior
795 691 946 769 Apollinis
965 697 996 753 et
1013 689 1162 770 dpovoiuv,
1185 695 1282 755 ultera
1299 695 1472 772 Aesculapii

157 794 189 848 et
213 784 353 866 ὁμονάων
376 807 462 850 sacra
485 793 630 866 eontinet,
653 792 814 867 praecepta
836 793 917 867 ipsa,
945 810 1023 867 quae
1045 793 1077 850 in
1101 796 1229 869 utraque
1252 797 1371 853 serrata
1394 797 1473 870 sunt,

158 886 197 946 ad
225 887 349 947 verbum
381 907 476 964 paene
507 891 695 948 conveniunt.
743 887 840 958 Quare
867 889 989 948 initium
1017 909 1135 967 quoque
1162 892 1272 968 prioris
1299 894 1395 967 partis
1422 892 1471 950 de-

158 985 310 1061 perditum
343 984 382 1045 ad
414 987 583 1062 exemplum
610 985 734 1046 alterius
763 979 804 1069 (v.
830 985 960 1064 lesqq.)
988 987 1208 1048 restituendum
1235 1007 1299 1049 esse
1327 1007 1380 1048 suo
1407 991 1472 1050 iure

157 1083 331 1144 Kavvadias
355 1084 513 1160 conclusit3
535 1086 645 1144 iterum
667 1103 712 1159 ea,
735 1103 812 1162 qnae
835 1085 887 1145 ille
909 1085 986 1144 hano
1004 1087 1152 1146 rationem
1175 1089 1293 1147 secutus
1313 1086 1473 1164 supplevit,

157 1181 197 1240 ad
221 1183 350 1260 11111311
371 1183 403 1240 in
426 1181 527 1258 lapide
550 1185 670 1242 servata
693 1201 752 1242 non
776 1183 921 1259 quadrare
944 1187 1024 1244 recte
1043 1185 1151 1243 statuit
1168 1184 1306 1260 mankel,
1331 1186 1472 1261 quoniam

157 1299 218 1355 quo
241 1280 307 1339 loco
329 1279 381 1339 illa
407 1272 415 1338 Ι
440 1281 601 1356 supplevit,
623 1280 734 1358 legitur
756 1281 787 1338 in
810 1281 911 1357 lapide
932 1271 974 1341 Ο.
1010 1282 1073 1343 Nec
1096 1285 1198 1342 tamen
1220 1283 1252 1341 iu
1275 1283 1332 1342 hac
1353 1286 1471 1343 seuten-

156 1379 203 1436 tia
225 1397 305 1438 mere
327 1379 468 1456 negative
492 1379 740 1454 acquiescendum
763 1381 821 1453 est,
849 1381 1025 1456 praesertim
1049 1399 1116 1440 cum
1140 1383 1167 1439 si
1188 1399 1243 1457 pro
1266 1383 1415 1458 scriptura
1437 1385 1471 1440 τό

156 1475 255 1555 ῥυμοῦ
278 1479 326 1554 ro,
354 1494 432 1552 quae
455 1495 491 1534 ne
515 1477 649 1553 exemplo
673 1477 792 1552 quidem
817 1477 940 1537 alterius
962 1477 1058 1553 partie
1081 1477 1287 1552 confirmatur,
1315 1479 1471 1556 vulgarem

157 1575 339 1650 scripturam
362 1582 415 1634 τοῦ
433 1575 460 1651 β.
480 1581 532 1633 τοῦ
551 1575 746 1648 restituimus,
769 1576 846 1634 hanc
869 1593 937 1634 cum
957 1575 1093 1651 reliquiis
1111 1575 1172 1635 illis
1191 1577 1361 1635 litterarum
1379 1576 1471 1652 probo

156 1674 315 1732 convenire
343 1675 496 1748 appareat.
542 1671 656 1732 Deinde
684 1691 755 1732 vero
781 1673 912 1749 plurima
939 1691 1055 1746 eorum,
1082 1692 1161 1750 quae
1184 1673 1355 1734 Kavvadiss
1382 1674 1470 1733 initio

154 1770 291 1846 scripsit,
322 1770 484 1830 desiderari
513 1772 634 1830 omnino
662 1788 722 1829 non
748 1775 885 1846 possunt:
917 1771 1117 1831 necessarium
1149 1771 1228 1830 enim
1260 1775 1290 1831 et
1321 1772 1472 1848 Apollinis

153 1887 265 1927 nornen
287 1872 319 1927 et
339 1868 461 1928 verbum
486 1867 564 1928 θύεν
587 1871 618 1927 11
639 1867 766 1928 duorum
788 1868 879 1927 boum
903 1871 1015 1928 mentio
1039 1861 1090 1949 (cf.
1114 1889 1141 1928 v.
1162 1872 1201 1928 11
1222 1873 1253 1929 et
1274 1862 1338 1951 13).
1377 1869 1470 1928 Dubi-

152 1966 218 2024 tari
241 1965 427 2026 solummodo
454 1970 555 2041 potest
578 1966 614 2025 de
637 1984 709 2026 voce
733 1961 873 2043 ὁμονάοις
896 1969 927 2026 11
948 1968 1001 2041 iis,
1030 1985 1108 2042 quas
1129 1965 1199 2026 inde
1221 1967 1359 2042 pendent
1404 1967 1470 2026 Iam

153 2065 227 2123 deas
251 2065 377 2123 feminas
400 2065 505 2140 templi
527 2063 690 2140 participes
713 2064 857 2124 hocloco
880 2064 941 2123 dici
963 2064 1027 2123 veri
1050 2064 1192 2124 dissimile
1211 2069 1265 2140 est,
1288 2066 1362 2140 quia
1378 2065 1471 2143 paulo

153 2161 237 2220 infra
264 2161 380 2221 Dianae
406 2160 601 2238 Latonaeque
632 2164 744 2221 mentio
771 2163 818 2236 fit,
851 2162 887 2221 de
915 2163 1120 2238 supplemento
1148 2164 1243 2241 igitur
1272 2159 1417 2240 ὁμονάατς
1439 2167 1471 2223 11

152 2259 294 2336 deinceps
322 2259 360 2318 de
387 2259 444 2338 βόν
466 2256 587 2320 ditesce
610 2257 711 2320 aetum
739 2279 801 2320 esse
824 2261 951 2320 videtur.
997 2260 1109 2330 Quodsi
1132 2257 1273 2338 ὁμονάοις
1303 2261 1469 2336 scribimus,

151 2358 187 2417 id
211 2358 343 2434 spatium
366 2358 506 2432 lacunae,
534 2357 613 2434 quod
636 2358 809 2418 necessariis
835 2359 897 2418 illis
920 2357 1017 2418 verbis
1046 2359 1191 2434 suppletis
1219 2363 1325 2434 restat,
1353 2359 1469 2419 duabus

151 2457 266 2517 litteris
289 2460 420 2532 superat.
462 2455 529 2514 Duo
552 2457 647 2534 igitur
669 2455 734 2514 fieri
756 2459 896 2533 possunt:
920 2459 973 2515 aut
996 2453 1137 2532 ὁμονόως
1160 2458 1206 2514 111
1227 2457 1338 2516 falsum
1361 2459 1392 2516 et
1413 2476 1469 2533 pro

152 2572 191 2613 eo
219 2557 332 2613 certum
359 2573 467 2613 nomen
495 2553 630 2612 divinum
657 2553 873 2613 restituendum
903 2557 962 2629 est,
993 2557 1047 2612 aut
1068 2585 1113 2594 -
1135 2573 1230 2631 neque
1255 2554 1289 2613 id
1319 2555 1470 2631 praeferre

152 2650 294 2711 dubitavi
312 2651 425 2728 quippe
439 2651 536 2710 multo
555 2651 673 2711 facilius
693 2653 799 2712 otveri
819 2653 946 2713 similius
962 2671 1073 2728 —pro
1093 2656 1137 2712 τόι
1152 2644 1307 2712 ’similiora
1325 2653 1469 2729 scriptum

153 2746 412 2826 11111τάπό1111,
436 2751 514 2808 sicut
535 2746 686 2828 adurcium
709 2753 755 2810 est
778 2753 922 2826 scriptum
944 2769 998 2826 pro
1017 2758 1064 2808 τᾶι
1079 2748 1223 2828 Ἀρτάμιτι
1241 2753 1303 2810 ab
1324 2753 1355 2809 11
1372 2751 1404 2809 in
1422 2753 1467 2810 in·

152 2849 317 2924 scriptione
340 2846 488 2924 Epidauri
511 2848 649 2908 archaice
672 2839 709 2928 (I
712 2847 741 2907 (l
762 2847 806 2906 IV
827 2841 927 2930 1203)
954 2840 1183 2929 Taloatameffi)

243 2945 319 3004 V.b
347 2944 486 3005 καλαΐδατ
518 2947 623 3004 notum
651 2948 698 3005 est
723 2965 830 3006 nomen
858 2945 961 3018 κάλαϊς
988 2937 1051 3026 (vel
1078 2939 1228 3027 τάλλαϊς),
1261 2965 1320 3022 quo
1348 2965 1467 3024 gamma

153 3043 304 3120 quaedam
332 3043 454 3119 saphira
485 3061 635 3120 purpureo
663 3044 761 3103 colore
792 3043 914 3104 imitans
943 3043 1143 3123 significatur,
1174 3045 1253 3103 unde
1286 3044 1468 3104 adiectirum

151 3140 313 3213 καλλάϊνος
341 3141 509 3200 derivatum
531 3141 666 3216 videtur,
694 3141 774 3218 quod
806 3142 842 3201 de
872 3161 1039 3218 pennarum
1070 3142 1144 3219 galli
1171 3142 1269 3202 colore
1296 3145 1468 3218 usurpatur,

153 3245 249 3317 atque
276 3241 369 3298 etiam
396 3257 453 3298 vox
481 3238 620 3298 κάλλαιον
644 3231 726 3320 (Hes.
751 3257 773 3299 s.
792 3259 819 3300 v.
844 3240 877 3300 οἱ
900 3248 959 3300 τῶν
986 3237 1189 3320 ἀλεκτρυόνων
1222 3231 1385 3322 reymest).
1429 3239 1467 3299 in

151 3339 210 3397 hoc
237 3337 329 3396 titulo
358 3339 497 3411 victima,
524 3341 558 3395 ut
586 3336 706 3413 quidem
733 3329 893 3417 videturl),
921 3339 1044 3412 dicitur,
1076 3355 1152 3414 quae
1179 3357 1206 3396 v.
1232 3339 1250 3396 5
1275 3337 1408 3397 Latonae
1437 3340 1467 3397 et

151 3436 286 3509 Dianae,
312 3435 394 3495 infra
418 3438 516 3494 eutem
540 3454 567 3493 v.
589 3437 629 3494 23
653 3435 832 3513 Aesculapio
861 3435 1022 3496 sacrificari
1048 3434 1177 3494 iubetur.
1222 3438 1322 3512 Atque
1350 3435 1388 3496 ob
1410 3435 1467 3494 hoo

151 3535 268 3609 ipsum,
302 3531 441 3609 quoniam
470 3533 565 3611 gallos
596 3533 667 3591 huic
694 3533 748 3592 deo
776 3532 938 3593 sacrificari
965 3534 1070 3593 solitos
1098 3551 1161 3593 esse
1189 3536 1319 3608 constat,
1350 3532 1383 3592 in
1409 3533 1468 3591 hac

151 3649 275 3708 quoque
302 3631 368 3708 lege
396 3631 508 3709 gallum
538 3633 600 3690 sive
627 3631 772 3708 gallinam
799 3631 844 3690 ita
867 3631 1015 3690 nominari
1037 3631 1171 3708 plerique
1194 3631 1322 3691 editores
1345 3649 1466 3690 consen-

150 3732 242 3788 tiunt.
290 3727 367 3788 Sane
396 3728 476 3805 quod
499 3727 671 3788 Kavvadias
693 3729 797 3800 καλαῖς
819 3731 939 3805 proprie
962 3729 1041 3788 idem
1064 3729 1164 3788 ualere
1187 3747 1222 3787 ac
1244 3728 1385 3790 aarum
1406 3731 1426 3788 i.
1440 3747 1465 3787 1.

150 3826 283 3907 πώγωνα
311 3826 398 3904 galli,
427 3825 532 3886 deinde
560 3831 660 3886 autem
689 3829 780 3886 etium
808 3827 922 3885 animal
948 3829 1048 3903 ipsum
1075 3825 1242 3904 significare
1265 3828 1366 3902 putat,
1393 3827 1467 3884 ferri

149 3927 266 4000 nequit.
317 3924 413 3983 Multo
446 3923 631 4000 probabilius
661 3925 783 3984 Meister
814 3943 922 3984 nomen
955 3924 991 3982 ab
1024 3924 1127 3984 eodem
1160 3923 1307 3984 adiectiw
1339 3921 1466 3996 cusae

152 4016 304 4098 ‘codond'‚
328 4022 408 4098 quod
430 4023 461 4080 in
481 4023 579 4082 verbis
603 4022 758 4082 Laconicis
777 4029 843 4100 μῶα
861 4021 969 4082 ariete
987 4023 1080 4082 latere
1099 4023 1268 4098 suspicatus
1287 4026 1360 4096 orat,
1378 4027 1467 4081 acute

243 4277 269 4340 t)
292 4272 389 4327 ionica
408 4275 459 4339 est,
479 4272 601 4326 servavit
618 4275 714 4326 tamen
732 4273 845 4342 praeter
863 4271 979 4342 spiritus
993 4273 1087 4341 asperi
1101 4275 1198 4328 notam
1214 4272 1235 4327 Β
1251 4273 1338 4327 etiam
1352 4271 1467 4326 litterae

150 4373 168 4420 ρ
188 4353 309 4407 formam
324 4355 340 4406 Ρ
355 4369 407 4407 nec
421 4373 442 4406 ω
458 4354 508 4406 aut
521 4372 538 4420 η
553 4369 673 4421 usquam
691 4352 844 4422 distinguit
862 4352 898 4406 ab
918 4372 933 4406 o
948 4355 977 4407 et
991 4371 1016 4418 ες
1036 4353 1080 4407 bis
1095 4355 1268 4423 (1171111)
1284 4355 1353 4407 0=
1363 4371 1398 4406 oo
1412 4353 1463 4406 est.

242 4435 269 4503 4)
293 4432 329 4486 de
351 4432 405 4487 hoc
429 4431 557 4501 exemplo
577 4431 705 4487 Solmssn
728 4449 778 4502 per
800 4432 911 4487 litteras
934 4448 980 4487 me
1003 4434 1113 4489 monuit
1135 4433 1286 4489 lectionem
1303 4432 1467 4488 Kevvadiae

152 4513 342 4568 Ταίττιλαττιεῐ
357 4513 514 4568 rectissime
533 4512 687 4567 defendens
707 4517 805 4568 contra
823 4512 968 4567 Frankelii
986 4511 1137 4566 lectionem
1155 4511 1330 4568 Absterrere.

242 4595 270 4664 ὅ)
293 4596 362 4661 1111,
383 4611 446 4648 cum
465 4593 500 4647 ds
519 4593 667 4662 placentae
686 4593 781 4663 potius
800 4609 902 4664 genere
921 4592 1085 4662 cogitarem,
1105 4593 1173 4662 quia
1191 4597 1341 4661 v.10sqq.,
1359 4591 1409 4646 ubi
1428 4591 1465 4646 de

150 4673 282 4728 carnium
301 4673 501 4728 distributione
520 4673 624 4742 agitur,
642 4672 728 4727 boum
747 4673 865 4727 duorum
879 4673 985 4728 mentio
999 4673 1040 4741 fit,
1059 4672 1193 4737 καλαΐδος
1205 4689 1262 4727 non
1276 4674 1352 4726 item.
1386 4671 1464 4736 Quae

148 4759 248 4808 tamen
269 4769 356 4809 eausa
373 4771 430 4808 non
449 4753 562 4808 sufficit,
594 4751 691 4807 Potest
709 4753 785 4807 enirn
804 4751 981 4824 όλοτταότημα
1000 4753 1056 4807 dici
1075 4753 1121 4822 (cl.
1135 4753 1216 4808 Prott
1231 4753 1313 4808 Festi
1331 4771 1356 4806 n.
1373 4757 1389 4806 t
1407 4757 1465 4806 ab

149 4832 327 4904 ἀλεκτρυόνα
346 4835 525 4904 καρπώσεις);
545 4833 663 4898 accedit,
683 4833 758 4902 quod
778 4849 819 4899 ea,
839 4848 912 4902 quae
931 4837 1044 4903 praeter
1056 4833 1187 4888 victimas
1203 4831 1366 4899 offeruntur,
1385 4831 1464 4886 dein·

151 4929 220 4984 ceps
239 4914 353 4968 nomine
372 4913 482 4983 φερνάν
500 4913 650 4968 adduntur.
