3434 5464
273 301 339 369 354
793 302 907 358 LEGDS
926 301 1065 358 SADRAE

273 471 414 532 libertum
437 473 558 548 eiusque
582 473 728 532 familiam
752 475 782 532 et
805 468 952 551 όνημάξιο
974 472 1040 548 illa,
1063 472 1099 531 de
1124 471 1231 548 quibus
1254 472 1313 532 vid.
1333 475 1393 532 not
1415 478 1447 548 1,
1471 471 1586 531 fundus

277 571 397 647 quidam
421 563 467 652 (τὸ
490 563 621 652 τέμενος)
646 590 679 631 nc
702 571 820 647 hortus,
846 571 925 631 unde
947 570 1028 631 haud
1051 569 1138 630 dubie
1161 573 1322 648 praecipue
1344 589 1414 647 pars
1437 572 1587 646 pecuniae

274 669 391 730 redibat
418 661 534 752 (oin),
566 673 596 730 et
628 669 763 731 aedificia
794 671 910 746 aliquot
937 663 977 750 (B
998 671 1015 728 6
1037 672 1067 728 et
1087 672 1128 730 10
1156 668 1191 730 τά
1214 668 1359 747 οἰκήματα
1367 661 1442 750 ¹⁹)):
1476 669 1587 729 domus
1703 666 1711 705 ὅ

275 769 430 844 quaedam,
454 768 527 829 olim
548 770 689 828 nimirum
712 769 832 844 privetu
851 761 884 850 (ἡ
904 767 983 828 οἰκία
1002 763 1021 846 ἡ
1040 765 1087 828 ἐπὶ
1110 776 1162 828 τοῦ
1185 765 1323 846 τεμένους
1343 760 1446 849 011),
1470 769 1501 826 in
1522 787 1587 844 qna

275 866 440 928 Diomedon
468 864 502 926 κά
529 863 680 947 ἀγάλματα
703 869 733 926 et
755 863 790 926 τδι
812 863 992 944 ἀναθήματα
1015 867 1213 928 collocaverat
1236 859 1411 948 (B18sq.),
1439 869 1470 924 et
1493 865 1586 938 ξενῶ-

271 956 372 1046 veg.²⁰)
409 964 474 1024 Iam
494 984 563 1024 vero
582 984 641 1025 uno
660 965 725 1025 loco
744 969 899 1041 praeterea
916 964 992 1025 duae
1011 964 1102 1025 οἰκίαι
1121 969 1388 1025 commemorantur
1402 957 1440 1044 (O
1451 957 1586 1044 32sqq.)
1706 946 1711 993 ἰ

274 1081 329 1122 nec
351 1063 440 1140 plene
463 1065 662 1141 perspicuum,
686 1083 762 1140 quae
785 1063 919 1123 aedificia
936 1063 981 1123 ibi
999 1063 1144 1123 dieantur.
1180 1063 1292 1123 Eadem
1311 1081 1388 1140 quae
1407 1065 1587 1138 ceteroquin

273 1160 396 1233 ξενῶνας
418 1165 563 1221 vocantur
587 1161 646 1222 dici
669 1163 860 1238 suspicantur
883 1161 1009 1222 editores
1031 1161 1229 1239 Francogalli.
1276 1161 1333 1220 Sed
1361 1163 1526 1220 rectissime
1552 1160 1585 1218 id

270 1260 373 1319 reiecit
401 1259 610 1338 Dittenberger
640 1263 806 1336 meritoque
839 1279 858 1319 a
888 1261 979 1320 verbo
1011 1255 1193 1339 ίκι[η]μίνοι
1228 1261 1378 1338 proiectus
1412 1259 1467 1318 has
1503 1258 1584 1317 duas

271 1355 367 1431 οἰκίας
390 1357 427 1417 eb
450 1359 496 1436 iis,
520 1377 594 1434 quus
617 1359 783 1418 Diomedon
803 1359 926 1418 Herculi
949 1360 1141 1435 consecravit,
1163 1359 1252 1434 plane
1275 1358 1407 1417 diversas
1430 1357 1586 1416 intellexit

270 1455 450 1532 privatoque
485 1455 616 1516 dominio
645 1457 802 1517 heredibus
833 1477 852 1516 a
881 1457 1077 1516 Diomedonte
1108 1457 1241 1531 relictas,
1271 1475 1306 1515 ea
1335 1475 1405 1516 sane
1435 1456 1516 1532 lege,
1548 1461 1586 1513 ut

257 1573 324 1632 per
352 1557 499 1613 certorum
527 1555 715 1615 sollemnium
742 1558 878 1633 tempora
906 1558 973 1615 usui
1001 1555 1169 1615 sodalitatis
1200 1556 1450 1632 permitterentur.
1500 1553 1585 1612 llira

269 1670 340 1712 sene
368 1655 489 1712 nomina
515 1647 535 1730 ἡ
558 1651 679 1733 ἀνδρεία
707 1658 737 1714 et
764 1649 783 1730 ἡ
806 1653 958 1733 γυναικεία
986 1653 1079 1732 οἰκία,
1108 1672 1184 1729 qnae
1212 1653 1295 1712 Dttb.
1319 1653 1389 1711 inde
1415 1652 1584 1728 repetenda

270 1753 355 1810 acute
378 1754 506 1828 putavit,
530 1752 609 1828 quod
632 1752 824 1812 sollemnibus
847 1753 908 1812 illis
932 1751 964 1810 in
983 1753 1077 1812 altere
1096 1753 1163 1828 viri,
1185 1751 1217 1809 in
1236 1752 1331 1810 altera
1349 1750 1490 1810 mulieres
1508 1769 1581 1810 con-

270 1851 389 1928 gregari
412 1850 549 1926 solerent,
572 1849 641 1910 inde
665 1851 753 1910 simul
777 1850 918 1927 explicari
941 1855 1033 1926 retiis,
1056 1870 1108 1910 cur
1127 1852 1158 1909 in
1177 1853 1256 1909 stato
1275 1849 1412 1908 Herculis
1431 1848 1582 1908 sacrificio

271 1948 396 2008 alteriue
419 1949 507 2008 modo
531 1949 611 2008 domi
629 1967 700 2008 usus
719 1949 873 2008 sedulitati
891 1949 1012 2009 concedi
1028 1948 1194 2007 iuberetur:
1217 1967 1322 2024 nempe
1340 1947 1388 2006 illi
1406 1966 1467 2006 non
1485 1947 1581 2006 inter·

268 2044 359 2104 fuisse
388 2045 483 2106 videri
515 2049 573 2106 nisi
600 2048 688 2107 viros.
739 2047 801 2106 Nec
833 2050 934 2106 temen
966 2049 1011 2107 itu
1042 2048 1138 2106 omnis
1168 2045 1328 2106 difficultas
1356 2046 1475 2105 sublate
1503 2045 1580 2104 mihi

269 2142 395 2203 videtur.

356 2241 392 2302 V.
409 2244 530 2302 14-16
554 2262 670 2303 summa
687 2245 840 2320 praecepti
859 2245 1016 2320 perspicua
1034 2247 1092 2302 est:
1116 2247 1150 2301 nt
1168 2261 1203 2301 ex
1221 2243 1376 2318 Epictetus
1396 2243 1580 2301 testamento

268 2339 306 2398 ad
338 2339 514 2399 sacrificium
546 2360 646 2400 mense
675 2342 835 2418 Delphinio
866 2341 1035 2400 faciendum
1064 2342 1191 2416 pecunia
1223 2341 1357 2398 redditur
1386 2341 1445 2398 iam
1476 2359 1580 2398 mense

268 2431 481 2520 llleusinioflt,
508 2441 553 2498 ita
579 2439 627 2498 hio
651 2443 839 2517 praeceptum
869 2443 946 2515 erat,
975 2441 1093 2498 utiam
1116 2457 1215 2498 mense
1239 2438 1424 2497 Theudaesio
1448 2441 1579 2513 pecunia

269 2536 441 2596 redderetur
472 2537 511 2598 ad
542 2555 627 2597 sacra
653 2537 832 2616 Pelagitnyo
861 2537 1004 2598 facienda.
1055 2537 1180 2616 singna
1207 2536 1298 2596 verba
1329 2555 1399 2595 sane
1428 2535 1579 2611 quomodo

272 2634 456 2694 restituenda
483 2637 557 2710 sint,
585 2635 715 2696 dubium.
762 2636 872 2712 Peton‚
899 2656 988 2714 quem
1015 2637 1109 2696 secuti
1131 2639 1201 2696 sunt
1228 2637 1331 2710 ceteri,
1359 2636 1480 2710 scripsit
1501 2631 1578 2693 ἀνιο-

270 2730 396 2793 διδόντω
426 2725 637 2814 Θιαδ[αισζ,ζίου
666 2732 738 2794 ὥστε
767 2731 910 2814 ἀργύριον
937 2729 1107 2814 δ]πόρχειν,
1137 2733 1187 2793 sed
1215 2733 1325 2792 lacuna
1352 2753 1379 2791 v.
1402 2734 1492 2791 ltin.
1516 2751 1579 2792 non

270 2830 381 2890 sufficit
403 2832 472 2890 huic
495 2832 709 2910 supplemento.
755 2831 870 2893 Nomen
892 2835 987 2911 igitur
1012 2833 1155 2908 pecuniae
1178 2831 1336 2892 solvendae
1359 2835 1429 2890 ante
1452 2830 1578 2890 verbum

267 2925 453 2990 ἀποδιδόντα
471 2929 636 2990 indicatum
654 2931 745 2992 fuisse
764 2931 955 3006 litteramque
974 2954 993 2990 α
1010 2929 1079 2990 inde
1098 2948 1249 3007 superesse
1271 2930 1384 2989 conicio
1403 2928 1576 3006 legendum·

268 3047 324 3103 que
348 3047 370 3086 ο.
387 3049 414 3106 g.
438 3027 470 3089 τὸ
494 3023 658 3108 μίσθωμ]α.
705 3029 819 3088 Deinde
842 3050 869 3089 v,
891 3032 929 3088 17
959 3029 1086 3088 editores
1114 3025 1304 3106 doul]cipnur
1332 3023 1363 3087 δί
1391 3022 1577 3106 παρεῂόνιω

268 3126 490 3203 suppleverunt,
514 3127 565 3186 sed
588 3147 625 3186 ne
648 3127 679 3185 id
703 3127 822 3204 quidem
845 3131 925 3187 recte
947 3129 982 3186 ut
1004 3127 1078 3186 mihi
1101 3127 1247 3186 videntur.
1293 3126 1371 3185 Nam
1396 3146 1454 3185 non
1478 3125 1576 3185 solum

268 3222 304 3283 de
328 3225 454 3300 pecunie
477 3225 564 3286 modo
588 3229 687 3284 actum
711 3229 783 3302 erat,
807 3226 858 3285 sed
877 3226 966 3285 etium
985 3227 1017 3283 ni
1036 3225 1126 3284 fallor
1148 3228 1217 3284 ente
1235 3221 1411 3302 ἀναλώματα
1429 3225 1576 3284 articulus

267 3323 431 3400 requiritur
467 3326 498 3382 et
533 3323 690 3384 dicendum
728 3327 793 3384 eret
829 3321 863 3384 τόι
899 3321 932 3384 δὲ
967 3321 1144 3402 ἀναλώματα
1177 3343 1207 3382 ιι.
1266 3321 1334 3400 Ipse
1370 3322 1502 3401 cogitavi
1539 3323 1577 3382 de

267 3413 543 3503 occpuv]oipuru.²')

355 3519 391 3578 V.
409 3521 537 3579 19—21
564 3520 621 3580 etsi
643 3519 679 3580 de
702 3520 801 3580 verbis
823 3521 910 3597 ipsis,
933 3539 1010 3597 quae
1033 3519 1179 3597 supplevi,
1201 3519 1323 3578 minime
1346 3518 1486 3596 spondeo,
1509 3539 1575 3580 sen·

266 3618 428 3676 tentierum
451 3622 552 3678 temen
575 3637 717 3678 conexum
740 3621 819 3679 recte
839 3637 858 3677 a
875 3637 922 3678 me
940 3619 1112 3678 restitutum
1136 3636 1199 3678 esse
1218 3617 1345 3690 confid03
1369 3617 1406 3676 cf.
1426 3617 1576 3678 Wesclter-

265 3716 397 3775 Fourcrt
413 3718 475 3774 142
499 3716 550 3775 ubi
573 3717 681 3776 liberto
704 3749 740 3757 -
762 3717 920 3776 tenendum
945 3721 1045 3776 autem
1064 3719 1109 3775 est
1126 3716 1182 3775 hoc
1204 3735 1320 3792 quoque
1339 3716 1404 3775 loeo
1423 3716 1459 3774 de
1478 3715 1576 3793 Libye

266 3813 374 3874 liberto
397 3817 449 3892 agi
475 3847 513 3856 —
538 3817 721 3892 praecipitur
743 3813 932 3892 quamcredere
960 3811 991 3874 δὲ
1014 3813 1087 3874 κατὰ
1110 3823 1191 3892 μῆνα
1213 3815 1362 3898 νουμηνίᾳ
1388 3811 1438 3873 καί
1460 3811 1575 3897 ἕβδόμᾳ

266 3909 321 3971 τάν
342 3913 477 3985 Φίλωνος
495 3905 622 3994 (domini
639 3905 781 3994 defuncti)
805 3911 906 3973 εἰκόνα
929 3906 1126 3992 [δα]φνί[νῳ]
1146 3913 1281 3997 στεφάνῳ
1299 3915 1409 3996 aleardi
1429 3917 1459 3971 et
1479 3913 1574 3973 Theo-

337 4101 381 4170 19)
410 4102 508 4154 contre
526 4099 663 4170 οἰκήματα
682 4101 753 4156 034
771 4100 914 4156 conclavis
933 4101 1031 4155 domur
1051 4100 1169 4154 alicuius
1189 4117 1250 4156 esse
1264 4101 1309 4154 vix
1323 4101 1454 4169 estquod
1469 4101 1573 4156 dicam.

336 4181 381 4250 20)
408 4179 438 4233 in
457 4179 618 4235 Aristotelis
636 4183 806 4236 testamento
830 4181 898 4235 item
917 4181 1023 4246 ξενῶνα
1043 4181 1254 4235 commemorari
1273 4181 1365 4253 (Dicg.
1381 4181 1472 4236 Laert.
1487 4181 1511 4238 V
1529 4187 1575 4252 14)

263 4259 384 4314 editores
405 4260 488 4314 inser.
503 4260 585 4315 inrid.
600 4259 751 4330 adnotant;
775 4262 892 4328 ξενῶνας
909 4264 989 4317 extra
1008 4261 1121 4316 domum
1141 4262 1232 4331 ipsum
1251 4262 1299 4316 siti
1318 4265 1466 4317 occurrunt
1484 4263 1573 4318 etism

264 4338 328 4393 Eur.
343 4338 407 4394 All.
424 4346 483 4394 543.

335 4421 379 4489 21)
408 4419 442 4474 cf.
459 4419 510 4475 ool.
524 4420 551 4474 Il
568 4439 593 4476 v.
609 4426 688 4477 7-10
706 4426 782 4479 celio
800 4418 884 4494 κα[δ’
902 4419 1032 4495 teuchos
1046 4421 1106 4484 ἔτος
1120 4422 1152 4492 ἐμ
1167 4423 1234 4492 μηνί
1250 4419 1428 4479 Ἐίενσννίαι
1444 4423 1574 4495 δραχμὰς

264 4497 413 4564 διακοσίας
430 4498 499 4554 δέκα
517 4509 567 4556 τῶι
585 4511 683 4557 κοινῶι
698 4505 753 4572 καί..
769 4505 798 4558 et
812 4520 835 4558 s.
847 4508 947 4572 llosqq.
963 4502 977 4558 δ
993 4503 1024 4558 δὲ
1039 4503 1168 4572 ἀνδρεῖος
1181 4512 1236 4558 τῶν
1251 4511 1391 4575 συγγενῶν
1405 4501 1573 4574 eserenon

264 4577 295 4632 ἐν
313 4587 362 4633 τῶι
385 4576 517 4648 pecorina
540 4579 610 4636 καθ’
632 4581 749 4639 ἕκαστον
768 4584 828 4646 ἔτος
853 4582 886 4653 ἐμ
905 4583 970 4654 μηνὶ
990 4580 1152 4654 Διίφινίοιι,
1169 4583 1322 4656 λαμβάνων
1339 4583 1418 4654 παρὰ
1435 4592 1490 4638 τῶν
1509 4588 1572 4641 δια·

263 4654 355 4728 δόχοιν
374 4678 427 4728 μου
446 4659 495 4723 τὰς
514 4658 662 4726 διακοσίας
679 4662 748 4719 δέκα
767 4663 894 4734 δραχμὰς
912 4667 966 4718 κτλ.

334 4741 379 4808 22)
407 4738 578 4811 ἰαρ]όιματα,
597 4744 650 4798 etsi
670 4743 699 4796 in
718 4743 802 4798 titulo
820 4743 974 4814 Epidaurio
997 4744 1127 4812 occurrit,
1150 4761 1206 4799 non
1230 4743 1320 4800 audeo
1344 4743 1389 4798 hic
1414 4745 1571 4814 restituere¹

263 4816 331 4883 quia
357 4816 431 4872 inire
458 4835 569 4890 semper
590 4839 690 4878 nomen
715 4823 802 4890 tapeto
825 4823 987 4892 adhibetur3
1014 4827 1161 4894 praeterea
1185 4825 1219 4880 de
1242 4824 1342 4880 hostiis
1367 4824 1432 4879 inde
1457 4842 1474 4879 e
1496 4842 1521 4880 v.
1535 4831 1571 4879 25

263 4896 374 4950 demum
393 4900 495 4968 egitur,
514 4903 566 4955 hoo
585 4901 646 4957 loco
666 4903 683 4958 i.
694 4921 717 4958 e.
733 4921 756 4958 v.
774 4911 873 4973 lquq.
894 4905 929 4959 de
948 4905 1048 4959 officiis
1066 4905 1162 4961 liberti
1182 4906 1283 4976 egitur.
