3426 5462
247 317 290 382 52
766 315 881 372 LEGES
900 315 1039 372 elenen

248 477 412 567 Reiseh¹⁶),
435 487 632 562 epistaterum
655 486 774 546 cuidam
797 485 922 565 collegio
930 479 969 566 ¹⁶)
988 487 1162 546 mandatum
1181 505 1242 547 esse
1261 490 1387 563 constat,
1411 487 1493 548 cuius
1512 489 1558 545 rei

246 587 279 643 in
302 585 358 644 hoc
380 586 446 660 ipso
470 602 586 661 quoque
610 584 727 644 decreto
755 584 868 644 mentio
891 583 955 644 fieri
979 585 1108 644 videtur:
1131 586 1168 645 cl.
1192 606 1219 645 v.
1240 586 1334 662 eesq.
1359 589 1390 644 et
1413 605 1490 661 quae
1512 587 1557 644 ibi

247 683 398 742 adnotavi.
445 682 503 742 Sed
525 703 562 742 ne
586 701 664 742 nunc
686 682 807 760 quidem
829 684 969 743 universa
992 685 1076 742 tituli
1098 685 1176 743 ratio
1204 703 1239 742 ex
1268 683 1349 742 omni
1376 687 1463 760 parte
1490 702 1557 761 per·

247 780 350 858 spicue
378 783 430 840 aut
458 784 539 840 certa
567 785 619 840 est.
665 782 710 840 Ac
738 800 853 840 summa
876 782 997 857 quidem
1020 781 1206 842 difficultatis
1233 782 1265 841 in
1295 800 1366 842 voce
1389 781 1558 860 πεντετηρίς

247 900 274 938 v.
296 881 313 938 6
339 882 369 938 et
392 881 433 938 33
458 882 628 939 occurrente
656 879 755 956 posita
778 883 831 938 est.
878 878 973 949 Quam
997 879 1098 940 Schbll
1124 879 1160 938 de
1187 881 1320 956 ipsorum
1343 879 1556 940 Vulcanalium

247 977 329 1037 feriis
361 977 633 1054 quinquennalibus
664 980 731 1036 tum
764 978 893 1054 primum
924 979 1073 1038 institutis
1105 980 1228 1055 accepit.
1284 979 1346 1038 Nec
1379 997 1449 1038 vero
1479 979 1557 1036 hanc

247 1077 526 1152 interpretationem
557 1075 625 1134 ferri
656 1093 741 1152 posse
772 1078 802 1134 et
831 1077 902 1152 quin
934 1095 1033 1135 annua
1063 1080 1093 1135 et
1118 1077 1354 1152 quinquennalis
1376 1075 1557 1136 vulcanalia

248 1193 319 1234 voce
346 1171 516 1255 πεντετηρὶς
543 1171 592 1234 καὶ
610 1167 771 1250 Ἦφαίστια
799 1173 909 1234 Graece
933 1174 1181 1251 comprehendere
1207 1193 1265 1234 non
1294 1175 1398 1234 liceret
1427 1178 1457 1234 et
1485 1177 1557 1251 qnia

246 1273 448 1349 penteteridas
477 1272 514 1332 ab
546 1273 712 1349 hieropoeis
741 1273 847 1332 annuis
875 1273 1100 1333 administratas
1129 1292 1191 1333 esse
1219 1273 1397 1333 Aristoteles
1424 1272 1558 1333 traderet

246 1363 324 1452 (Ἀθ.
356 1374 420 1431 πολ.
456 1373 511 1446 54,
536 1364 584 1452 7),
620 1371 675 1431 hoe
711 1389 781 1430 vero
818 1370 936 1430 decreto
978 1390 1013 1430 ea
1049 1390 1121 1430 cura
1151 1371 1319 1449 hieropoeis
1355 1371 1556 1448 peculiaribus

247 1468 285 1527 ad
312 1469 344 1528 id
371 1469 469 1545 ipsum
501 1471 609 1529 creetis
621 1461 658 1546 17)
691 1467 896 1544 mandaretur,
928 1468 1016 1529 Prott
1048 1471 1154 1530 merito
1187 1470 1295 1530 stabnt
1321 1469 1557 1546 Kirclnhoffiique

247 1569 434 1642 sententiam,
458 1568 509 1643 qui
532 1585 634 1628 rocem
657 1566 825 1645 πεντετηρίς
854 1567 892 1627 ad
914 1567 1126 1628 Panathenaea
1149 1586 1259 1646 magna
1284 1568 1455 1642 rettulerat,
1483 1568 1558 1627 olim

246 1657 395 1747 paucis¹⁸)
414 1665 572 1741 probatam
591 1665 687 1725 denuo
706 1667 843 1742 suscepit.
881 1665 944 1724 Nec
962 1667 1069 1725 mirum
1091 1668 1136 1725 est
1154 1666 1431 1726 Panathenaeorum
1450 1667 1482 1724 in
1501 1665 1558 1724 hoc

247 1764 365 1824 decreto
385 1765 533 1823 rationem
551 1763 654 1823 haberi
673 1797 717 1804 --
739 1766 828 1823 notus
852 1765 931 1822 enirn
954 1766 1005 1840 qui
1027 1766 1085 1824 fuit
1102 1766 1182 1823 inter
1199 1765 1351 1824 Minervae
1369 1763 1558 1840 Vulcanique

245 1881 331 1922 sacra
353 1855 526 1942 conexne¹⁹)
551 1866 581 1921 et
603 1863 728 1938 lampas,
751 1862 787 1920 de
812 1881 871 1938 qun
890 1883 916 1922 v.
938 1863 978 1921 32
1003 1865 1112 1940 agitur,
1136 1865 1214 1922 sicut
1233 1862 1411 1922 Promethiis
1436 1864 1466 1921 et
1483 1861 1557 1921 Vul-

246 1961 399 2020 canalibus
422 1961 468 2020 ita
485 1959 704 2020 Panathenaeis
727 1963 845 2039 magnis
869 1953 1118 2043 celebrabatur²⁰)
1143 1995 1184 2002 —
1208 1961 1240 2020 id
1262 1963 1371 2020 mirum
1395 1981 1430 2020 ea
1452 1961 1485 2018 in
1507 1960 1557 2019 de

246 2061 326 2118 creto
350 2059 387 2118 ad
408 2050 569 2135 Ἡφαίστια
596 2059 764 2136 pertinente
792 2077 873 2118 mera
903 2077 972 2119 voce
999 2059 1167 2139 πεντετηρίς
1194 2058 1355 2138 significari
1382 2059 1472 2135 idque
1500 2059 1557 2117 bsc

246 2175 306 2215 una
329 2156 500 2216 condicione
524 2158 596 2216 ferri
618 2176 704 2235 posse
727 2161 810 2234 pute,
833 2161 867 2216 ut
889 2159 951 2217 iam
973 2159 1006 2216 in
1024 2160 1175 2234 superiore
1194 2161 1280 2234 parte
1302 2158 1387 2217 tituli
1405 2157 1504 2217 deleta
1522 2176 1558 2215 ea

245 2256 378 2331 pleniore
401 2257 521 2314 nomine
544 2253 713 2337 πεντετηρὶς
735 2263 795 2316 ,τῶν
818 2255 1046 2332 Παναθηναίων
1070 2239 1302 2316 commemorate
1330 2255 1420 2316 fuisse
1443 2257 1556 2316 statua

245 2373 320 2414 mns.
359 2351 424 2422 Qua
448 2353 484 2413 de
508 2371 597 2414 causa
620 2374 647 2413 v.
668 2354 697 2428 6,
721 2353 773 2412 ubi
790 2353 934 2413 Wilbelm
956 2372 1059 2414 vocem
1077 2354 1245 2432 πεντετηρίς
1267 2353 1455 2413 hauddubie
1477 2357 1557 2412 recte

246 2453 406 2528 supplevit,
430 2453 601 2531 genetivum
624 2461 682 2512 τῶν
707 2452 934 2530 Παναθηναίων
958 2451 1126 2511 addendum
1146 2453 1231 2512 duco.
1277 2452 1335 2511 Sed
1358 2471 1394 2511 ne
1418 2453 1474 2512 hac
1492 2455 1556 2530 qui·

246 2550 313 2610 dem
341 2549 519 2610 difficultate
551 2553 597 2609 ita
623 2554 739 2610 remota
765 2570 811 2611 res
843 2552 932 2626 plane
961 2551 1098 2611 absoluta
1124 2554 1182 2624 est3
1214 2555 1406 2628 praeceptum
1437 2550 1556 2627 quidem

245 2647 300 2725 τὴν
324 2645 356 2708 di
379 2643 532 2728 ί[αμποίὸα
551 2653 647 2708 ποιεῖν
666 2657 701 2732 τῇ
721 2643 917 2729 πιν]τετηρίδι
938 2647 1002 2725 [καὶ
1020 2653 1082 2721 τοῖς
1095 2642 1306 2729 Ἦφ]αιστίοις,
1325 2648 1458 2709 simodo
1477 2653 1557 2709 recte

246 2749 291 2806 ita
314 2749 487 2823 suppletum
511 2749 565 2821 est,
588 2750 669 2806 certa
688 2765 723 2806 ac
742 2746 864 2806 definita
882 2749 999 2806 ratione
1018 2765 1119 2806 carere
1137 2747 1211 2806 milri
1230 2746 1357 2806 videtur.
1393 2747 1458 2826 Age
1477 2748 1557 2806 enim

246 2847 306 2904 tria
329 2845 393 2904 lieri
416 2847 593 2921 potuerunt:
617 2849 670 2904 aut
692 2848 723 2904 et
743 2843 967 2908 Panathenaico
990 2849 1020 2904 et
1037 2843 1249 2905 Vulcanalium
1267 2847 1383 2922 lampas
1405 2847 1467 2905 iam
1487 2849 1556 2905 ante

246 2963 356 3002 annum
376 2945 438 3002 421
466 2945 515 3022 agi
538 2943 666 3003 solebat:
690 2942 761 3002 addi
778 2943 895 3019 aliquid
913 2947 1116 3020 exspectamus
1135 2945 1218 3003 velut
1240 2941 1376 3024 καθάπερ
1399 2943 1557 3026 πρότερον;

245 3044 299 3100 aut
321 3040 376 3100 illa
397 3043 459 3100 ianr
487 3043 603 3118 pridem
631 3041 777 3120 agebatur
799 3045 831 3100 et
856 3042 929 3101 haec
961 3045 1026 3101 turn
1048 3044 1178 3118 primum
1201 3044 1342 3102 instituta
1369 3044 1427 3101 est:
1459 3062 1558 3118 aequa

246 3143 398 3199 structura
422 3140 561 3217 coniungi
584 3147 620 3222 τῇ
644 3139 825 3221 πεντετηρίδι
848 3139 897 3199 καὶ
925 3145 986 3212 τοῖς
1003 3133 1190 3216 Ἡφαιστίοις
1217 3159 1277 3200 non
1305 3139 1475 3216 oportebat;
1504 3145 1558 3199 aut

245 3239 372 3313 denique
404 3240 532 3313 utraque
565 3239 680 3315 lampas
708 3241 773 3298 tum
805 3239 924 3298 demum
956 3239 1097 3298 instituta
1129 3241 1188 3312 est,
1221 3257 1403 3315 quamquam
1431 3239 1462 3298 id
1493 3241 1557 3297 veri

246 3336 404 3395 dissimile:
432 3337 493 3394 iam
519 3337 643 3396 offendit
665 3337 809 3397 articulus
832 3337 887 3415 τὴν
911 3334 942 3397 δὲ
965 3340 989 3396 λ.
1036 3335 1117 3406 Quae
1141 3356 1208 3396 cnrn
1230 3339 1274 3396 ita
1298 3338 1371 3412 sint,
1400 3339 1457 3396 etsi
1479 3336 1556 3396 diffi-

246 3435 389 3494 cultatem
417 3434 641 3511 interpretnndo
670 3453 755 3512 posse
783 3437 929 3494 removeri
957 3454 1016 3495 non
1043 3428 1208 3516 ignoro²¹)‚
1235 3440 1337 3494 tamen
1364 3437 1395 3494 in
1425 3455 1457 3494 re
1481 3439 1557 3494 tam-

246 3552 338 3608 qnam
361 3535 443 3592 certa
467 3536 497 3591 et
520 3534 674 3609 explorata
698 3537 802 3592 cautus
825 3535 1039 3609 interpretator
1061 3553 1119 3592 non
1143 3534 1318 3609 acquiescet.

320 3715 362 3781 15)
382 3715 399 3768 l.
419 3730 440 3766 ο.
460 3729 487 3781 p.
504 3717 612 3782 obsqq3
636 3715 804 3783 argumenta
827 3713 887 3767 eins
911 3729 945 3767 ex
968 3713 1056 3782 ipsius
1080 3713 1172 3783 operia
1196 3711 1355 3766 rationibus
1380 3714 1510 3783 (noble)
1529 3719 1558 3768 et

247 3792 350 3846 Pausl
367 3798 433 3860 14,e
448 3792 539 3862 petitu
554 3796 656 3846 cuncta
669 3792 716 3847 hic
729 3795 857 3863 repetere
871 3792 986 3861 longum
1002 3795 1053 3861 est,
1070 3793 1099 3846 id
1114 3793 1160 3847 cui
1174 3791 1223 3846 ille
1236 3792 1329 3847 minus
1344 3808 1429 3862 quam
1443 3796 1558 3863 poterat

245 3873 355 3938 tribuit,
374 3877 484 3940 repeto:
503 3873 553 3926 16
566 3872 579 3926 Ι
594 3879 645 3927 318
660 3875 759 3928 eodem
773 3873 834 3927 loco
849 3890 905 3943 quo
918 3873 1002 3926 huius
1017 3872 1094 3927 tituli
1108 3872 1208 3943 fragm.
1225 3873 1243 3925 d
1257 3876 1286 3927 et
1300 3875 1321 3926 Ι
1324 3873 1350 3928 G
1363 3873 1375 3926 l
1391 3879 1441 3927 319
1457 3875 1556 3929 eodem

246 3951 308 4006 loeo
327 3969 383 4020 quo
401 3951 485 4005 huius
504 3952 582 4005 tituli
600 3953 700 4024 fragm.
716 3955 775 4009 abc
792 3954 907 4008 inventa
925 3969 994 4019 esse,
1009 3969 1082 4022 quae
1095 3969 1140 4008 res
1155 3953 1233 4007 casui
1246 3953 1335 4007 tribui
1349 3955 1456 4023 nequit,
1471 3954 1557 4009 immo

246 4031 312 4084 inde
327 4031 495 4100 explicanda
508 4033 559 4098 eet,
579 4033 655 4101 qnod
669 4032 779 4104 lapides
794 4051 852 4088 nna
867 4050 900 4088 ex
914 4033 1061 4088 ruderibus
1075 4032 1175 4103 templi
1188 4033 1309 4088 Vulcani
1324 4035 1462 4104 asportati
1481 4039 1556 4089 sunt.

320 4113 363 4180 16)
383 4111 418 4165 cf.
438 4111 598 4182 fragmenta
617 4115 758 4169 rationum
777 4114 813 4168 ab
831 4114 867 4168 iis
885 4113 1061 4168 redditurum
1080 4115 1099 4167 Ι
1104 4113 1129 4168 G
1147 4113 1160 4166 I
1175 4119 1225 4168 318
1245 4117 1274 4167 ct
1293 4119 1353 4168 319.

320 4195 364 4259 11)
384 4191 419 4246 de
438 4192 482 4245 hia
500 4192 607 4262 primus
630 4211 681 4249 nos
704 4194 802 4249 docuit
819 4194 851 4249 R.
872 4193 967 4249 Sobbll
986 4196 1002 4250 ί.
1017 4211 1039 4248 c.
1058 4194 1088 4248 iu
1107 4195 1343 4249 commentatione
1362 4213 1435 4265 quae
1458 4195 1557 4250 inscri-

245 4270 324 4324 bitur
344 4271 517 4326 ‘Atbcnieelw
535 4273 830 4342 Festtommiess'onen'3
849 4275 883 4328 cl.
904 4275 990 4329 ctiam
1008 4290 1081 4344 quae
1100 4275 1162 4344 ipae
1180 4274 1216 4328 ad
1235 4281 1312 4330 11211
1332 4275 1424 4330 attuli.

320 4353 363 4420 18)
383 4351 411 4404 in
430 4350 475 4405 his
493 4353 621 4422 Auguste
640 4353 795 4409 Mommsen
814 4356 894 4411 Festa
912 4373 939 4425 p.
955 4361 998 4424 18,
1009 4361 1033 4408 3.

320 4434 362 4500 19)
383 4430 588 4501 Paus.114‚6‚
608 4433 643 4488 cf.
657 4435 810 4506 praecipue
829 4435 931 4491 lteisclr
951 4438 967 4490 l.
982 4453 1003 4489 c.
1019 4454 1045 4505 p.
1058 4440 1091 4490 58
1098 4453 1137 4503 sq.
1158 4437 1187 4489 et
1206 4434 1294 4490 Seuer
1312 4437 1328 4490 1.
1344 4453 1364 4491 c.

319 4514 364 4578 20)
384 4510 487 4566 Polem.
504 4527 548 4582 ap.
563 4513 698 4583 Harpocr.
714 4534 735 4569 s.
746 4533 770 4569 v.
785 4515 908 4586 lupercis:
922 4523 996 4584 τρεῖς
1009 4515 1127 4586 ἄγουσιν
1139 4513 1280 4585 Ἀθηναῖοι
1296 4515 1393 4585 ἑορτὰς
1406 4517 1558 4588 λαμπάδας

249 4587 470 4659 Παναθηναίοις
495 4593 542 4646 καί
562 4591 740 4663 Ἡφαιστίοις
761 4597 810 4651 καί
833 4593 1026 4666 Προμηθίοις,
1055 4596 1089 4650 of.
1110 4596 1146 4651 de
1168 4596 1213 4650 his
1235 4596 1388 4666 praecipue
1408 4597 1556 4653 Wecklein

248 4669 362 4724 Hamas
374 4669 425 4724 Vll
439 4688 465 4740 p.
481 4677 532 4726 431
544 4691 604 4742 sqq.
628 4673 757 4730 Ceterum
775 4676 915 4746 lampadis
939 4675 1062 4731 annuis
1080 4675 1287 4731 Panathenaeis
1306 4676 1492 4734 celebrandae
1507 4679 1557 4734 de·

248 4751 314 4802 sunt
333 4754 410 4804 certa
428 4752 603 4820 testimonia3
622 4755 657 4810 cf.
677 4757 763 4811 etiam
782 4757 819 4812 ad
837 4775 864 4812 n.
883 4763 918 4812 29
936 4775 962 4811 v.
978 4763 1061 4825 teaq.

319 4832 363 4897 21)
386 4831 463 4886 velut
488 4835 588 4888 annuis
611 4835 817 4893 Panathenaeis
843 4837 1004 4908 lampadem
1029 4837 1117 4892 finisse
1139 4855 1194 4892 non
1220 4838 1308 4892 videri
1334 4840 1487 4894 tenendum
1513 4843 1558 4896 est

248 4911 315 4976 (not.
331 4913 383 4978 ⁶20),
403 4913 476 4966 unde
496 4916 670 4970 occasionem
689 4918 927 4987 quinquennalem
946 4919 1035 4988 premi
1055 4916 1183 4988 intellegi
1202 4921 1304 4988 potest.
