3424 5462
261 293 325 358 258
777 293 893 350 LEGES
913 295 1053 350 SAGRAE

260 461 375 524 civibus
398 463 429 520 in
452 481 562 540 pompa
584 462 720 522 incedere
742 465 912 524 inauditum
935 483 995 524 non
1018 468 1072 540 est,
1095 466 1132 525 cf.
1155 487 1183 526 n.
1205 469 1245 526 77
1269 487 1296 527 v.
1319 469 1368 527 15.
1389 501 1431 510 —
1451 471 1516 528 τ.”ί
1542 467 1576 530 ἐν

259 558 365 639 ἐσθῆτι
390 560 510 643 ποικίλῃ
533 562 553 620 i.
568 581 593 620 e.
612 564 693 620 veste
717 561 856 637 militari,
884 563 915 622 id
944 563 1023 639 quod
1046 582 1100 623 nos
1124 564 1249 624 dicimus
1273 561 1322 625 ‘in
1350 563 1500 641 Uniform'
1524 568 1574 626 vel

259 661 372 718 laxiore
401 677 535 719 sermone
563 659 637 718 item
665 655 722 718 ‘im
748 661 856 720 benten
878 656 983 730 Rock’,
1012 663 1102 720 ceteri
1129 663 1208 722 cives
1231 663 1358 723 candida
1380 665 1573 740 potissimum

259 760 342 818 veste
363 757 517 817 incessisse
540 756 689 833 videntur,
712 759 748 817 cf.
767 779 795 817 n.
812 759 853 818 58
872 779 899 819 ν.
917 761 956 818 15
982 763 1013 820 et
1035 758 1156 820 Lucien.
1176 762 1260 840 Nigr.
1277 765 1327 821 14.

349 854 385 913 V.
406 857 516 931 10sqq.
540 855 576 915 de
599 856 768 916 nominibus
791 875 893 916 eorum
915 857 1091 936 liberorum,
1115 859 1167 936 qui
1189 878 1316 937 pompae
1335 862 1506 920 intererunt
1524 863 1573 920 vel

258 954 459 1013 interfuerant
479 952 674 1013 inscribendis
693 955 794 1032 egitur
812 974 847 1015 eo
865 973 904 1015 se.
924 955 1058 1030 consilio,
1080 959 1114 1016 ut
1131 957 1291 1034 hieropoei,
1315 961 1446 1035 quantus
1469 978 1573 1018 eorum

259 1071 399 1111 numerus
422 1051 635 1128 exspectandus
659 1053 708 1127 eit,
731 1054 835 1112 sciant.
871 1054 977 1129 Itaque
1001 1073 1057 1113 sua
1078 1054 1140 1114 fere
1164 1059 1269 1132 sponte
1293 1074 1325 1115 se
1343 1057 1431 1115 offert
1448 1058 1574 1134 supple

259 1153 392 1209 mentum
424 1147 475 1222 τὰς
503 1144 563 1230 [ἀεὶ
590 1144 850 1230 σομττενλψ]ούσας
877 1149 926 1210 καί
953 1145 1038 1231 dode
1069 1149 1114 1212 οἰεί
1143 1150 1408 1232 συμσὲνψ]οντας,
1442 1174 1572 1231 quocum

260 1268 331 1308 sane
353 1249 443 1308 lectio
472 1269 540 1319 οτας
566 1268 627 1307 non
655 1250 800 1308 convenit.
848 1247 964 1309 Civium
994 1252 1127 1326 ipsorum
1154 1253 1276 1311 nomina
1298 1252 1489 1312 inscribenda
1512 1273 1573 1314 non

259 1365 321 1406 esse
349 1349 579 1406 consentaneum
607 1351 666 1422 est,
694 1350 765 1423 quia
793 1345 829 1406 de
857 1347 904 1406 hie
928 1348 1082 1426 catalogus
1105 1348 1215 1408 civium
1242 1350 1379 1426 publicus
1401 1350 1575 1427 hieropoeis

258 1447 377 1521 praesto
401 1449 471 1503 erat.
496 1475 539 1485 —
563 1465 590 1503 v.
612 1448 723 1522 14sqq.
746 1464 858 1521 poenae
882 1445 913 1503 in
937 1464 999 1520 eos,
1024 1449 1076 1522 qui
1098 1466 1225 1524 pompae
1249 1447 1499 1508 concelebrandae
1523 1449 1574 1509 de·

259 1545 338 1619 sunt,
362 1543 474 1602 sanciri
495 1542 642 1602 videntur.
667 1575 709 1584 -
737 1562 764 1602 v.
786 1544 826 1602 28
855 1561 940 1618 posse
967 1545 1101 1620 suppleri
1123 1539 1301 1626 πίν]θο[ος]
1329 1541 1455 1627 οίιιε[ίοο
1481 1551 1574 1623 atque

257 1641 333 1700 hanc
355 1641 446 1700 fuisse
469 1642 657 1716 sententiam,
688 1644 723 1700 ut
750 1641 784 1719 is,
816 1643 869 1717 qui
895 1645 1018 1718 propter
1049 1643 1163 1702 luctum
1190 1645 1388 1704 domesticum
1417 1643 1574 1719 conones,

256 1741 338 1798 iusta
356 1757 446 1798 eausa
469 1744 668 1815 excusaretur,
682 1739 773 1798 wilh.
793 1741 879 1799 acute
903 1739 1073 1800 observavit
1091 1743 1226 1818 exempla
1250 1742 1374 1802 afferens
1394 1761 1461 1802 cum
1481 1763 1510 1801 n.
1526 1747 1567 1803 41

257 1857 284 1896 ν.
297 1839 339 1896 20
358 1840 422 1896 tum
436 1857 464 1895 n.
478 1837 540 1896 184
561 1829 794 1919 (Stratoniceae)
809 1858 837 1896 v.
849 1838 939 1913 30sq.
973 1838 1161 1915 Quamquam
1173 1840 1265 1898 huius
1278 1841 1360 1901 modi
1374 1847 1571 1918 praeceptum

258 1953 349 2011 supra
366 1937 469 2011 potius
488 1937 557 2011 post
574 1935 650 1994 illud
668 1931 706 1994 ὂίν
725 1957 767 2008 τις
786 1934 826 2013 μὴ
846 1943 926 2018 παρῇ
946 1940 1157 2011 exspectamus.
1180 1969 1220 1978 -
1240 1957 1266 1997 v.
1282 1939 1323 1997 35
1340 1938 1432 1997 Wiih.
1448 1939 1571 2015 supple

256 2034 303 2092 vit
326 2028 409 2113 [τοὺς
432 2027 615 2115 ᾑρημίν]οος
637 2031 839 2111 ἐπιμελεῖσθαι
862 2057 884 2093 τ.
904 2033 1015 2106 θυσίας
1033 2032 1083 2093 καλ
1103 2056 1126 2093 τ.
1145 2044 1277 2114 πομπῆς,
1300 2036 1352 2095 sed
1370 2037 1425 2096 hoc
1445 2038 1571 2113 quidem

257 2131 322 2190 loeo
354 2131 415 2190 tale
444 2135 638 2207 praeceptum
664 2134 744 2191 recte
771 2151 830 2191 non
859 2137 939 2192 stare
966 2134 1041 2191 mihi
1063 2132 1182 2193 videtur
1209 2153 1410 2210 conexumqne
1437 2135 1569 2194 turbare.

256 2229 297 2288 Ni
320 2229 418 2303 fallor,
442 2229 532 2289 verba
550 2249 617 2288 cum
635 2230 838 2306 superioribus
856 2249 916 2288 uno
936 2233 1090 2301 enuntiato
1112 2232 1415 2310 coniungendam,
1438 2236 1473 2291 ut
1496 2233 1572 2292 haec

256 2328 318 2386 fere
341 2329 490 2386 sententia
512 2327 651 2404 prodeat:
675 2327 826 2387 decretum
847 2329 1073 2404 proponendum
1096 2347 1168 2404 esse,
1190 2334 1226 2389 ut
1245 2348 1347 2390 omnes
1366 2331 1470 2405 sciant,
1495 2349 1570 2409 quo-

256 2425 344 2485 modo
367 2425 540 2501 hieropoeoe
563 2422 764 2504 ἐπιμελεῖσθαι
786 2433 839 2503 τῆς
861 2426 971 2498 θνσίας
994 2448 1020 2487 ιι.
1038 2447 1062 2485 τ.
1081 2436 1202 2506 ιτομιτῆς
1224 2431 1370 2504 oporteat

884 2701 930 2760 111

737 2837 850 2920 Leges
872 2837 1076 2904 insularum

349 3011 399 3068 90.
418 3011 504 3082 Lapis
522 3012 600 3066 Deli
618 3012 757 3067 inventus.
794 3012 865 3068 Edd.
884 3012 1174 3069 Hauvette·Besnault
1193 3015 1289 3070 ΒΘΗ
1303 3015 1341 3068 VI
1361 3017 1452 3085 (1882)
1470 3034 1498 3085 p.
1514 3023 1572 3071 360

255 3112 282 3148 n.
299 3099 341 3159 79,
360 3093 467 3148 Miehel
487 3093 600 3149 Βνονιίί
619 3097 679 3160 785,
697 3093 897 3163 Dittenberger
913 3093 997 3165 sylv
1015 3100 1076 3148 ὁδί.

682 3221 749 3285 Ἀπ’
774 3221 866 3286 οἴνου
891 3223 931 3300 μὴ
956 3223 1120 3300 προσιέναι

684 3331 763 3408 μηδὲ
787 3330 823 3393 ἐν
846 3328 996 3393 ἀνθινοῖς.

343 3475 404 3536 Lex
431 3476 467 3536 de
493 3477 565 3536 fano
593 3477 723 3553 quodam
751 3475 886 3535 adeundo
916 3475 946 3533 II
974 3477 1021 3535 vel
1044 3476 1061 3534 Ι
1083 3495 1109 3536 a.
1130 3475 1196 3536 (ihr.
1214 3497 1243 3535 n.
1263 3479 1381 3538 saeculo
1410 3481 1569 3555 inscripta

253 3574 301 3632 Ad
324 3575 430 3634 fenum
452 3574 553 3650 isidis,
582 3575 665 3633 cuius
687 3574 741 3633 illa
765 3575 863 3633 aetate
886 3573 956 3632 Deli
978 3575 1142 3650 permultos
1165 3576 1293 3635 cultores
1321 3577 1415 3634 fuisse
1438 3579 1570 3651 constat,

253 3673 372 3731 rettulit
394 3672 490 3732 editor
513 3672 578 3731 coll.
592 3671 671 3731 Plut.
691 3673 726 3732 de
744 3673 786 3730 Ie.
802 3677 829 3731 ct
847 3672 895 3731 Os.
911 3663 972 3752 6.¹)
1010 3671 1065 3731 Oui
1087 3673 1260 3732 testimonio
1283 3673 1409 3732 nimium
1432 3674 1571 3734 tribuen-

253 3769 323 3829 dum
346 3789 406 3830 non
428 3773 511 3846 puto,
534 3773 709 3846 praesertim
732 3789 799 3830 eum
818 3788 863 3844 ea,
887 3789 962 3845 quae
981 3768 1158 3830 Plutarchus
1177 3771 1213 3829 de
1231 3773 1344 3831 vestitu
1361 3772 1484 3831 illorum
1503 3775 1566 3830 tra·

253 3867 298 3927 dit
316 3859 354 3949 (o.
371 3862 482 3949 3—4),
504 3868 593 3945 plane
617 3868 654 3928 ab
677 3869 734 3926 hac
755 3869 821 3945 lege
840 3867 992 3943 differant3
1014 3868 1062 3927 illi
1080 3871 1159 3926 enim
1177 3869 1248 3928 lana
1266 3870 1312 3928 uti
1329 3873 1480 3944 vetantur,
1502 3870 1568 3928 lino

252 3965 399 4025 iubentur.
445 3965 593 4042 Equidem
616 3966 651 4026 de
676 3965 789 4026 Cereris
813 3967 1000 4041 potissimum
1024 3967 1133 4026 sacello
1156 3969 1365 4045 cogitaverim,
1395 3968 1468 4044 quia
1495 3968 1569 4026 huic

253 4063 325 4122 deae
349 4061 382 4122 τὰ
405 4060 519 4123 ἀνθινὰ
541 4065 632 4123 fluisse
655 4067 775 4140 ingrata
799 4067 928 4123 constat:
952 4064 1042 4123 schol.
1062 4063 1151 4140 Soph.
1171 4063 1241 4124 Oed.
1262 4064 1324 4124 ool.
1340 4067 1404 4124 684
1428 4069 1490 4136 τοῖς
1508 4062 1569 4146 γὰρ

253 4157 392 4232 ἀνθινοῖς
415 4159 451 4221 οὐ
474 4161 555 4222 ττοίνο
578 4160 672 4239 φασίν
695 4160 822 4238 ἥδεσθαι
845 4159 899 4238 τὴν
918 4159 1063 4240 Δήμητρα
1081 4167 1111 4220 et
1129 4163 1198 4222 ibid.
1214 4163 1276 4222 681
1302 4161 1352 4222 καί
1370 4166 1434 4234 ταῖς
1452 4166 1566 4240 dedeo

253 4257 463 4338 φοριαζούσαις
484 4259 617 4338 τὴντῶν
635 4257 771 4318 ἀνθινῶν
789 4257 943 4335 στεφάνων
962 4256 1142 4338 ἀπειρῆσθαι
1161 4269 1276 4339 χρῆσιν,
1299 4262 1335 4319 cf.
1355 4261 1447 4320 etiam
1467 4261 1568 4340 legem

253 4356 317 4414 fani
338 4357 505 4428 Δεσποίνας
536 4357 748 4433 Lycosurensis
776 4377 803 4415 n.
824 4357 882 4418 63:
919 4355 958 4434 μὴ
992 4354 1094 4430 ἐξέστω
1123 4355 1278 4438 παρέστην
1309 4356 1428 4438 ἔχοντας
1452 4391 1494 4400 -
1519 4391 1566 4400 -

254 4449 327 4529 μηδὲ
349 4449 551 4535 πορφυρί[ο]ν
569 4453 740 4533 είματισμὸν
760 4451 834 4533 μηδὲ
856 4442 1016 4534 ἆν[θι]νὸν
1035 4459 1065 4514 et
1083 4475 1110 4514 ν.
1128 4461 1165 4515 11
1188 4453 1263 4534 μηδὲ
1280 4453 1377 4516 ίίνθεα
1396 4451 1566 4536 coccione.

343 4643 368 4710 1)
396 4637 475 4695 οἶνον
498 4641 525 4696 δ’
547 4642 575 4698 οί
594 4645 644 4713 μὲν
664 4643 694 4698 ἐν
708 4640 806 4697 Ἡλίου
829 4639 908 4696 πόλει
931 4643 1139 4710 θεραπεύοντες
1162 4643 1212 4698 τὸν
1231 4644 1303 4699 θεὸν
1321 4645 1373 4699 oda
1399 4641 1565 4713 sisinciacum

252 4719 283 4772 τὸ
307 4719 443 4786 παράπαν
466 4723 506 4784 είς
527 4721 559 4776 τὸ
583 4720 660 4790 ἱερόν
689 4755 721 4764 -
741 4753 776 4764 -
804 4722 832 4777 ολ
850 4720 879 4776 δ’
900 4723 978 4777 ἄλλοι
1000 4732 1121 4792 χρῶνται
1140 4721 1200 4794 μέν,
1229 4723 1310 4798 ὀλίγῳ
1333 4724 1377 4780 δέ·
1406 4723 1511 4786 πολλὰς
1530 4721 1564 4777 δ’

253 4795 369 4862 ἀοίνους
391 4799 506 4870 ἁγνείας
528 4803 647 4873 ἔχουσιν,
667 4804 697 4858 ἐν
717 4801 763 4866 oie
786 4807 1008 4872 φιλοσοφοῦντες
1030 4803 1078 4857 ιιαλ
1097 4803 1359 4873 μανθάνοντεςκαὶ
1378 4802 1568 4869 διδάσκοντες

252 4875 287 4930 τὰ
306 4881 375 4933 θεῖα
394 4882 568 4938 διατελοῦσιν
588 4883 656 4952 (NB.
677 4883 704 4938 oi
724 4883 825 4952 ίερεῑς).

1698 517 1704 607 ι
