3450 5458
238 293 282 358 96
759 295 873 350 LEGES
892 294 1033 350 slcsnn

292 459 338 523 τῆι
350 455 513 524 Ἀφροδίτηι
531 462 583 511 τοῦ
603 457 688 524 ἱεροῦ,
709 458 861 525 ἐψηφίςθαι
880 464 921 512 τά
940 461 1040 526 βονλεῑ,
1059 461 1135 530 τοΙὺς
1149 461 1304 527 προέδρου(
1323 457 1350 514 ol
1364 461 1399 514 δν
1414 459 1550 528 λάχοι[ς]ι

239 549 272 598 lo
291 547 470 613 προεδρεύειν
493 545 531 600 εἰς
554 549 607 613 τὴν
630 548 766 616 πρώτην
785 547 930 614 ἐκκληςίαν
952 549 1148 616 προςαγαΙγεῑν
1171 550 1275 602 αὐτοὺς
1299 553 1344 604 καὶ
1367 548 1549 616 χρηματίιςαι,

291 635 408 700 γνώμην
432 635 462 688 δὲ
491 636 694 701 Εννβαλλεςθαι
721 639 773 702 τῆς
801 639 902 702 βουλῆς
927 637 966 690 εἰς
988 638 1040 690 τὸν
1063 640 1171 704 δῆμον,
1199 639 1242 692 δτι
1266 641 1343 693 δοκεῖ
1364 642 1411 705 τῆι
1431 641 1523 704 βουλεῑ

240 727 273 775 20
293 723 451 776 ἀκούςαντα
473 726 525 777 τὸν
549 727 639 791 δῆμον
662 729 721 778 τῶν
737 726 741 792 Ι
759 725 882 779 Κιτιείων
900 728 963 792 περὶ
987 730 1038 792 τῆς
1062 726 1213 797 ίδρύςιειως
1231 733 1282 782 τοῦ
1302 728 1378 796 tepeo
1399 731 1444 781 καί
1462 729 1549 781 ἄλλον

237 817 271 863 25
293 811 449 880 Ἀθηναίων
468 817 520 867 τοῦ
541 815 721 882 βουλομένοΙυ
741 816 936 881 βουλεύςαςθαι
956 817 999 868 ὅτι
1018 817 1053 868 ἂν
1072 817 1178 884 αὺΙίτιῑιι
1199 820 1275 870 δοκεῖ
1293 819 1405 883 ἄριςτον
1425 819 1502 870 εἶναι,

381 914 448 978 Ἐπὶ
468 915 684 994 Νικοκράτους
708 915 876 1000 ἄρχοντΙος
900 916 952 980 ἐπὶ
970 921 1026 994 τῆς
1045 916 1260 982 Πανδιονίδος
1280 917 1442 1002 διευτέρας
1465 939 1547 997 πρυ·

238 1036 272 1085 so
290 1021 427 1098 τανείας,
451 1025 518 1086 τῶν
537 1021 541 1106 Ι
561 1024 733 1101 προέδρων
753 1022 953 1102 ἐπεψήφιζεν
972 1019 1216 1109 Φαηνόςτρατος
1235 1025 1403 1103 Φιλαῖδης·
1427 1023 1549 1108 ἔδοιξεν

289 1132 348 1193 τῶι
371 1129 487 1207 δήμιοι·
512 1128 676 1208 Λνκόργος
699 1127 920 1213 Λῐυκόφρονος
944 1131 1108 1210 Βουτάδης
1132 1130 1244 1214 εἶπιεν
1273 1134 1346 1211 περὶ
1369 1130 1417 1195 ὧν
1441 1133 1471 1196 oi
1495 1131 1547 1196 ἔν-

237 1249 271 1298 ss
290 1256 387 1314 ποροι
411 1236 441 1300 oi
467 1233 588 1320 illirici(
612 1236 727 1303 ἔδοξαν
747 1236 868 1315 ἔννομα
891 1233 1062 1323 ἱκηετεύειν
1086 1238 1251 1304 αἰτοῦντες
1275 1239 1333 1304 τὸν
1353 1235 1464 1325 διῆμον
1484 1260 1548 1318 χω-

290 1343 360 1421 ρίον
390 1343 533 1421 ἔνκτηςιν
563 1341 632 1428 ἐ[ν]
654 1341 658 1429 Ι
680 1342 718 1407 du
746 1344 928 1423 ἱδρύςονται
955 1344 1044 1424 ἱερὸν
1067 1343 1281 1430 Ἀφριοδίτης,
1309 1347 1461 1426 δεδόχθαι
1489 1349 1548 1410 τῶι

236 1465 271 1514 lc
290 1447 414 1536 δήμΙωι,
446 1454 560 1515 δοῦναι
592 1454 660 1515 τοῖς
693 1451 846 1530 ἐμπόροις
864 1451 875 1534 ΙΙ
892 1455 958 1516 τῶν
987 1453 1117 1516 Κιτιέων
1146 1451 1289 1531 ἔνκτηςιν
1318 1451 1482 1538 χ[ιυ]>ρίου
1511 1454 1547 1518 ἐν

290 1557 329 1622 du
351 1557 534 1638 ἱδρύςονται
557 1559 595 1621 τὸ
616 1555 621 1644 l
641 1558 730 1637 ἱερὸν
758 1563 813 1637 τῆς
837 1558 1041 1638 Ἀφροδίτης,
1071 1558 1223 1645 καθιάπερ
1251 1563 1303 1624 καὶ
1327 1561 1357 1624 oi
1380 1561 1547 1636 Αἰγύπτιοι

236 1679 270 1727 ιο
290 1665 329 1729 τὸ
350 1665 354 1747 l
375 1670 431 1742 τῆς
455 1664 567 1730 Ἰςιδος
590 1665 679 1744 ἱερὸν
701 1662 874 1750 ἵδρυντὶηαι.

323 1847 411 1907 Αιιιιο
439 1848 606 1908 Nicocratis
635 1848 785 1910 archontie
812 1850 935 1908 ineunte
962 1849 981 1906 i.
996 1868 1020 1907 e.
1045 1851 1108 1910 333
1134 1868 1159 1909 a.
1180 1849 1247 1909 Chr.
1272 1869 1339 1909 oum
1367 1852 1548 1912 mercatores

236 1943 381 2006 Citienses
410 1946 468 2006 loci
495 1947 622 2006 alicuius
645 1945 781 2027 ἔγκπησιν
804 1949 957 2023 petissent,
986 1967 1043 2023 quc
1062 1947 1186 2008 Veneris
1210 1948 1350 2008 sacellum
1378 1947 1548 2022 conderent,

236 2046 366 2118 senatus,
390 2043 462 2120 quid
479 2047 544 2120 ipse
562 2047 695 2119 sentiret,
717 2047 749 2104 in
773 2045 869 2104 medio
892 2045 1015 2121 reliquit
1037 2064 1159 2123 remque
1177 2046 1326 2124 integrm
1345 2046 1383 2104 ad
1401 2047 1546 2122 populum

233 2143 345 2202 reiecit.
394 2141 423 2201 A
450 2161 508 2219 quo
535 2143 583 2202 illi
610 2147 641 2202 et
668 2143 834 2202 adiutorem
862 2145 944 2202 nacti
971 2143 1141 2221 Lycurgum
1169 2143 1320 2220 Butaden²
1349 2144 1447 2204 virum
1475 2162 1548 2203 cura

233 2261 333 2299 rerum
356 2258 506 2300 sacrarum
529 2243 685 2320 insignem,
710 2244 740 2300 et
762 2242 800 2300 ad
819 2243 1035 2320 Aegyptiorum
1060 2241 1226 2318 exemplum
1244 2246 1440 2319 provocantes
1457 2241 1547 2301 Isidis

234 2339 393 2414 cultorum,
415 2339 523 2416 quibus
546 2341 625 2399 idem
643 2341 726 2416 prius
745 2358 914 2399 concessum
933 2334 1042 2420 erat¹),
1064 2340 1096 2399 id
1115 2340 1195 2416 quod
1213 2341 1383 2417 petiverant
1404 2341 1546 2417 impetra-

234 2440 354 2512 verunt3
382 2455 435 2498 nec
457 2457 527 2498 vero
551 2439 646 2498 solum
669 2437 872 2514 plebiscitum,
900 2439 951 2498 sed
974 2439 1065 2498 etiam
1087 2438 1282 2515 probulcuma
1305 2440 1425 2498 senatus
1450 2438 1546 2515 lapidi

233 2535 422 2595 incidendum
449 2539 640 2612 curaverunt,
671 2537 727 2596 hoc
754 2553 792 2594 sc.
816 2536 940 2596 coneilio
968 2541 1002 2596 ut
1029 2541 1165 2596 senatum
1198 2540 1286 2626 antea
1313 2538 1392 2597 sicut
1419 2536 1546 2597 debebat

234 2635 399 2694 consultum
424 2653 487 2693 esse
511 2625 778 2714 cognosceretur.²)

323 2742 471 2803 Sacellum
498 2743 551 2802 illo
580 2743 644 2818 ipso
667 2745 801 2819 tempore
829 2742 1016 2802 aedificatum
1046 2761 1108 2802 esse
1136 2762 1194 2802 non
1218 2743 1366 2818 estquod
1394 2762 1544 2820 negemus.

233 2841 333 2920 Negat
355 2861 426 2900 sane
449 2841 557 2915 Meass,
580 2860 647 2901 cum
670 2841 816 2901 thiasotas
831 2840 956 2901 Veneris
980 2839 1083 2918 Syriae
1107 2842 1198 2901 etiam
1220 2841 1267 2899 111
1288 2861 1314 2899 e.
1335 2840 1401 2899 (ihr.
1425 2842 1544 2900 sacculo

233 2939 360 3017 Magnae
391 2942 496 2999 matris
529 2957 692 3017 orgeonum
721 2939 790 2998 iano
818 2957 887 3000 usos
915 2957 977 2999 esse
1005 2958 1021 2998 e
1048 2939 1145 2998 titulis
1173 2938 1351 3016 quibusdam
1381 2939 1544 3017 collegerit.

233 3036 292 3098 Sed
313 3037 459 3098 thiasctas
479 3045 539 3112 eos,'
561 3039 697 3114 quiea.
719 3038 783 3096 280
803 3035 988 3096 Soterichum
1007 3037 1198 3097 Troezenium
1217 3037 1352 3112 laudant,
1370 3038 1450 3115 quod
1469 3033 1543 3117 ὑπὲρ

232 3143 284 3195 τοῦ
304 3135 390 3196 οἴκου
407 3134 613 3214 ἐπιμεμέληται
630 3143 683 3214 τῆς
701 3133 874 3212 οἰκοδομίας
892 3128 929 3216 (1
933 3135 961 3195 θ
978 3136 1009 3194 H
1029 3132 1117 3216 614),
1136 3135 1243 3211 quibus
1262 3153 1332 3194 sane
1351 3153 1418 3194 curn
1436 3135 1544 3194 Matris

232 3237 323 3294 sacris
346 3236 532 3295 necessitudo
556 3234 702 3310 quaedam
725 3235 792 3309 fuit
810 3233 935 3293 Veneris
954 3232 1059 3310 Syriae
1082 3235 1197 3293 sodales
1220 3233 1312 3294 fuisse
1335 3235 1464 3311 sumpsit
1482 3233 1544 3308 ille,

231 3351 291 3392 non
314 3333 543 3411 demonstravit3
567 3332 672 3392 deinde
695 3331 776 3408 quod
796 3351 938 3411 orgcones
958 3333 1079 3409 quidam
1098 3331 1280 3391 sacerdotem
1294 3331 1419 3392 Veneris
1438 3331 1544 3407 Syriae

234 3435 357 3508 propter
380 3450 465 3491 sacra
488 3449 542 3491 sua
565 3450 654 3492 causa
677 3431 759 3491 facta
777 3429 902 3489 landant
916 3421 953 3511 (I
957 3431 984 3490 G
998 3429 1029 3489 11
1044 3421 1133 3510 627),
1156 3449 1253 3506 neque
1271 3429 1376 3489 Matris
1399 3449 1543 3508 orgcones

231 3529 322 3589 fuisse
343 3547 412 3591 cons
415 3523 492 3611 tac)
507 3549 561 3590 nec
580 3531 606 3588 si
619 3529 667 3588 vel
686 3531 813 3588 maxime
832 3529 961 3604 fuerunt,
983 3529 1052 3587 inde
1066 3527 1157 3604 Syros
1166 3527 1313 3588 Venerem
1330 3529 1460 3588 colentes
1477 3531 1542 3587 tum

231 3631 352 3705 proprio
367 3628 490 3688 delubro
504 3627 633 3688 carniaco
648 3627 748 3706 colligi
762 3629 869 3704 potest.
896 3627 997 3687 Titulo
1011 3626 1139 3702 denique
1153 3625 1336 3686 dedicatorio
1349 3627 1372 3684 Ι
1376 3625 1444 3686 GlI
1456 3625 1541 3686 1588

229 3718 444 3806 Ἀριστοτλέαε
469 3724 607 3799 Κιτιὰςι
598 3718 803 3806 Ἀφροδίτηι
833 3716 1011 3805 Οὐρανίαιε
1035 3746 1068 3786 ευ
1058 3716 1214 3801 ’ξξαμὲνη
1239 3721 1398 3802 ἀνέθηκεν,
1426 3727 1518 3783 etsi
1509 3745 1542 3782 m

322 3997 347 4063 1)
370 3996 463 4049 aetate
478 3993 600 4064 Lycurgi
617 3995 687 4060 eiua,
709 3995 758 4064 qui
777 3995 833 4049 luit
851 3994 969 4048 oratoris
987 4011 1055 4048 avus
1074 3998 1216 4063 paternus,
1236 3993 1260 4048 si
1279 3993 1362 4048 modo
1380 3998 1457 4048 recte
1475 4011 1542 4048 con·

231 4074 299 4128 iecit
322 4074 444 4129 Kochler
466 4075 591 4144 (Hermes
607 4074 673 4145 Vp.
689 4078 751 4146 δον)
775 4075 901 4130 convicia
923 4078 1069 4144 poetarum
1092 4075 1262 4129 comicorum
1284 4073 1379 4144 (Ar-ist.
1399 4074 1449 4128 Ar.
1471 4081 1541 4129 1296

231 4171 295 4208 cum
314 4154 411 4224 schol.)
430 4171 463 4210 eo
482 4155 631 4224 pertinere,
650 4157 726 4224 quod
744 4156 794 4211 illo
814 4156 924 4210 fautore
941 4155 1075 4225 Aegyptii
1095 4155 1228 4210 sacellum
1244 4153 1326 4208 laidis
1345 4155 1540 4210 condiderunt.

321 4247 348 4314 2)
371 4244 426 4297 rid.
443 4243 516 4297 Lena
535 4245 552 4297 l.
567 4263 602 4310 ας
621 4246 731 4315 privato
750 4249 845 4300 antem
864 4244 982 4300 coneilio
1002 4245 1037 4298 ab
1055 4243 1126 4314 ipsis
1145 4243 1328 4314 Citiensibus,
1346 4261 1403 4299 non
1426 4244 1541 4315 publice

231 4323 347 4377 titulum
369 4324 538 4393 inscriptum
561 4340 633 4392 ease,
661 4341 718 4379 non
740 4326 824 4380 modo
848 4325 914 4379 inde
937 4325 1013 4394 quod
1036 4325 1151 4378 nomina
1173 4323 1328 4380 scribarum
1351 4325 1455 4380 omissa
1474 4329 1542 4380 aunt

231 4403 363 4472 (Kochlcr
381 4403 399 4458 l.
415 4421 437 4458 c.
456 4422 484 4473 p.
500 4407 570 4474 852),
590 4406 639 4460 ead
658 4407 744 4460 etiam
762 4406 828 4460 inde
847 4404 922 4474 quod
941 4405 1013 4459 nihil
1032 4404 1145 4460 omnino
1164 4406 1199 4459 de
1217 4405 1395 4460 inscribendo
1415 4406 1541 4461 decerni·

231 4487 286 4552 tur,
305 4487 424 4552 apparet
442 4484 525 4553 (henr
543 4504 570 4555 p.
586 4489 639 4556 li).

321 4575 347 4641 δ)
371 4589 426 4626 non
450 4571 517 4627 licet
535 4590 630 4629 ornnes
654 4576 753 4630 titulos
776 4590 929 4646 orgconnm
951 4575 1000 4628 uni
1023 4574 1067 4628 illi
1085 4575 1205 4646 Magnae
1227 4574 1326 4630 Matris
1350 4575 1470 4648 collegio
1488 4577 1541 4630 tri·

230 4651 329 4719 buare3
356 4653 441 4706 errori
460 4651 538 4708 locus
558 4657 631 4724 erat,
654 4673 710 4724 quo
729 4673 803 4710 anno
821 4655 941 4710 Foucart
959 4654 1062 4709 librum
1082 4655 1117 4709 de
1136 4655 1263 4727 collegiis
1282 4657 1369 4710 sacris
1388 4656 1540 4724 scribebat,

231 4747 401 4801 quamquam
420 4732 463 4787 vel
482 4734 506 4787 ie
526 4736 653 4804 proprios
672 4737 789 4791 Veneris
808 4735 905 4805 Syriae
928 4752 1062 4805 orgcones
1085 4734 1172 4790 fuisse
1190 4737 1243 4790 hoc
1262 4735 1297 4790 dc
1316 4737 1460 4791 sacerdote
1477 4737 1539 4791 eius

232 4811 344 4867 decreto
367 4813 462 4883 colligi
485 4833 567 4884 porse
591 4821 772 4873 concesserat.
814 4834 888 4872 nunc
911 4818 1010 4885 utique
1032 4821 1062 4871 et
1084 4816 1219 4871 Bendidis
1242 4819 1279 4888 (n.
1300 4820 1345 4887 41)
1368 4821 1398 4871 et
1420 4817 1540 4887 Dionysi

232 4895 269 4964 (n.
284 4895 328 4963 lo)
348 4897 460 4964 practer
477 4895 574 4950 Matris
594 4913 727 4972 orgcones
746 4897 834 4953 fuisse
853 4900 971 4954 constat.
