3464 5460
700 325 856 381 Arriaca
875 343 902 380 n.
922 329 955 379 4⁶
1432 325 1498 391 145

181 497 247 556 loco
271 496 363 556 latius
385 499 489 572 patere
512 513 572 554 non
594 495 682 554 facile
705 495 845 572 cuiquam
868 493 1066 570 persuadebit.
1112 494 1219 571 Itaque
1247 498 1305 556 etsi
1327 501 1416 556 acuta
1439 497 1498 556 dis·

181 597 301 672 putatio
324 593 406 653 illius
430 595 537 654 notatu
560 593 653 671 digna
676 595 733 666 est,
762 592 998 652 demonstratum
1026 609 1089 652 esse
1112 593 1186 651 mihi
1209 592 1328 654 videtur
1350 595 1382 654 id
1406 615 1499 654 unum

182 712 211 751 r.
227 693 268 750 85
294 688 434 770 άνθιερέα
456 709 511 768 pro
535 690 728 750 archibaccho
752 691 901 750 intrusam
926 708 997 750 esse.

273 798 310 858 V.
330 801 370 859 63
400 795 502 859 οὐδενὶ
529 793 561 858 δὲ
588 795 699 869 ἐξέσται
726 794 759 857 ἐν
786 805 820 880 τῇ
850 796 966 875 στιβάδι
992 799 1050 857 ast.
1080 817 1140 858 non
1172 797 1210 857 ad
1239 798 1413 875 quemlibet,
1447 801 1499 860 sed

183 897 220 957 ad
254 898 465 975 gravissimum
498 915 644 973 quemque
672 899 852 956 conventum
881 898 1030 972 pertinere
1057 915 1148 971 supra
1175 915 1203 973 p.
1226 897 1289 956 139
1317 898 1439 966 monui„
1460 929 1495 940 -

181 1015 209 1055 τ.
231 997 348 1072 (iisqq.
375 994 422 1070 id,
454 993 533 1070 quod
560 995 622 1053 iam
649 1013 677 1053 v.
697 996 738 1053 46
750 1012 813 1070 sqq.
838 995 1031 1071 praeceptum
1061 997 1139 1068 erat,
1170 993 1325 1070 repetitur,
1358 997 1499 1071 quoniam

182 1092 308 1171 μηνιαία
334 1093 389 1152 illa
417 1091 498 1172 φορά
526 1111 544 1150 a
571 1092 649 1168 stipe
680 1091 722 1164 εἰς
754 1089 805 1164 τὰς
832 1089 937 1163 abac
964 1091 1086 1152 ferenda
1113 1091 1164 1150 vix
1191 1095 1237 1152 est
1264 1090 1390 1152 diversa.
1442 1091 1500 1152 Sed

182 1195 394 1268 praeterquam
431 1189 513 1266 qnod
547 1187 770 1270 άμφιιτηρίδων
804 1190 917 1249 mentio
955 1189 1082 1262 accedit,
1119 1192 1199 1248 tanti
1235 1191 1379 1250 momenti
1415 1210 1500 1267 prae·

182 1293 303 1366 ceptum
330 1289 362 1348 in
388 1289 445 1348 hac
473 1307 593 1364 quoque
615 1293 702 1364 parte
724 1288 800 1366 legis
822 1288 920 1365 repeti
942 1287 1079 1367 intellegi
1106 1290 1213 1364 potest.
1237 1319 1282 1330 —-
1309 1288 1345 1346 de
1373 1289 1500 1348 lectione

183 1383 203 1466 ἢ
227 1384 393 1468 ἰσέρχεσθαι
416 1406 444 1446 v.
464 1404 553 1468 supra
580 1405 609 1462 p.
632 1387 703 1445 143.
728 1417 772 1427 -
794 1406 822 1445 v.
845 1387 906 1446 102
917 1405 981 1462 sqq.
1007 1387 1059 1462 qui
1082 1385 1247 1446 mercedem
1274 1386 1416 1446 introitus
1441 1406 1500 1447 non

183 1485 288 1561 solvit,
316 1503 375 1544 non
403 1485 492 1544 modo
519 1493 571 1562 τῆς
599 1483 737 1563 στιβάδος
765 1477 816 1565 (cl.
841 1503 868 1543 v.
890 1475 960 1565 70),
992 1483 1043 1544 sed
1071 1491 1124 1561 τῆς
1151 1480 1305 1556 ἑστιάσεως
1330 1485 1351 1543 i.
1371 1503 1395 1544 e.
1420 1487 1501 1544 omni

183 1584 272 1660 epulo
295 1583 478 1661 prohibetur.

273 1689 310 1748 In
331 1690 429 1767 priore
452 1691 538 1766 parte
558 1689 633 1766 legis
648 1681 690 1770 (v.
707 1682 852 1770 32-62)
873 1707 940 1748 cum
959 1691 1046 1748 unius
1065 1690 1207 1765 cuiusque
1227 1689 1338 1749 sodalis
1359 1690 1500 1750 adversus

182 1789 316 1848 thiasum
339 1787 438 1848 officia
461 1790 625 1847 constituta
647 1789 720 1862 sint,
746 1789 778 1846 in
801 1789 952 1864 postrema
980 1789 1065 1863 parte
1088 1790 1359 1864 v.111sqq.cum
1382 1790 1500 1847 extra·

184 1887 373 1947 ordinaria
396 1885 543 1962 quaedam
562 1877 603 1965 (v.
624 1885 798 1946 127-136
819 1877 1019 1966 et159sqq.)
1043 1887 1108 1944 tum
1126 1885 1385 1963 magistrorum
1409 1888 1503 1946 thiasi

182 2003 310 2044 munera
329 1983 485 2044 sollemnia
503 1986 702 2058 recensentur,
720 2001 755 2044 ac
774 1983 904 2059 primum
924 1982 1043 2059 quidem
1062 1983 1263 2044 sacerdotis
1282 2003 1309 2043 τ.
1321 1986 1502 2060 111-117ς

184 2083 221 2143 do
245 2080 382 2161 στιβάδος
402 2078 664 2162 ο1άμφιετηρίδος
682 2082 863 2142 caerimonia
882 2101 909 2140 v.
924 2099 1028 2157 supra3
1051 2075 1070 2158 ἡ
1090 2089 1149 2140 τῶν
1165 2081 1365 2161 Καταγωγίων
1384 2081 1501 2162 σπονδή

184 2199 244 2240 uon
274 2199 341 2240 cum
363 2171 456 2261 W.‘⁸)
486 2177 522 2239 ad
551 2179 747 2256 Proserpinae
775 2177 910 2240 κάθοδον
938 2179 1093 2238 referenda
1125 2181 1184 2239 est:
1219 2179 1394 2260 Καταγώγια
1423 2183 1502 2239 enim

184 2277 343 2340 sollemnia
370 2276 418 2336 dei
445 2277 537 2336 fuisse
564 2279 596 2336 in
623 2277 726 2336 urbem
750 2295 835 2337 suam
858 2278 1039 2337 devertentis
1063 2267 1226 2358 constat⁴⁹)
1254 2280 1422 2354 meritoque
1445 2280 1502 2357 igi-

182 2379 235 2435 tur
258 2377 464 2448 festivitatem,
488 2393 547 2452 qua
565 2373 675 2435 Bacchi
693 2375 828 2436 Athenas
852 2375 1015 2435 adventum
1033 2374 1172 2434 Iobaechi
1194 2378 1315 2451 sumptu
1338 2375 1502 2436 sacerdotia

184 2473 381 2546 celebrarent,
409 2475 454 2532 ita
481 2473 666 2533 nominatam
694 2491 757 2532 esse
781 2473 879 2532 Maass
907 2472 1061 2532 iudicavit.
1107 2471 1171 2542 Quo
1200 2472 1247 2532 die
1275 2473 1426 2534 celebrata
1453 2477 1503 2548 sit,

184 2573 333 2631 incertum
356 2573 409 2630 est.

275 2677 311 2736 V.
333 2679 515 2737 117—127
545 2677 580 2737 de
608 2697 640 2737 re
672 2695 756 2737 sacra
788 2678 826 2737 ab
859 2678 1096 2737 archibaccho
1125 2677 1173 2736 die
1201 2677 1229 2736 Χ
1256 2677 1502 2755 Elaphebolionis

183 2777 204 2836 i.
219 2797 243 2837 e.
264 2778 380 2856 magnis
403 2775 557 2852 Dionysiis
584 2776 735 2850 facienda,
763 2795 822 2852 quo
851 2775 898 2835 die
926 2778 958 2835 in
986 2793 1092 2836 scaena
1119 2775 1280 2837 Iobaachos
1309 2777 1404 2854 egisse
1434 2775 1502 2835 sub·

184 2875 287 2936 iuncto
310 2875 364 2934 illo
388 2873 424 2933 de
448 2893 506 2951 quc
529 2893 620 2951 supra
649 2873 712 2933 dixi
735 2880 893 2950 praecepto
918 2882 1015 2954 μερῶν
1037 2871 1217 2954 γειναμένων
1240 2872 1344 2955 αἰρέτω
1368 2876 1427 2933 κτλ.
1452 2894 1502 2951 ap·

184 2975 279 3050 paret.
305 3005 347 3014 -
370 2991 398 3030 v.
421 2973 602 3031 127-136
627 2971 735 3048 quibus
760 2973 886 3048 quisque
910 2971 1113 3032 occasionibus
1142 2970 1277 3050 σπονδήν
1301 2972 1504 3033 extraordi-

185 3071 325 3130 nariam
352 3070 422 3129 dare
450 3069 596 3142 debuerit,
625 3089 652 3129 τ.
675 3071 735 3129 131
761 3071 864 3131 Χοῶνι
895 3069 1010 3130 Ohoum
1032 3069 1121 3130 ferias
1149 3070 1298 3129 intellexit
1321 3069 1381 3143 W.,
1417 3089 1504 3146 quem

185 3169 318 3230 Wolters
341 3167 497 3228 admonuit
520 3168 556 3226 de
580 3167 796 3245 epigrammate
825 3167 985 3245 sepulcrali
1008 3159 1130 3248 (Kaibel
1156 3169 1229 3242 157,
1257 3167 1306 3228 IG
1329 3167 1376 3228 HI
1404 3162 1504 3249 1342)

185 3263 303 3344 ἡλικίης
326 3267 457 3343 Χοϊκῶν,
481 3261 497 3325 ὅ
521 3261 552 3325 δὲ
576 3259 720 3346 δαβμαν]
744 3263 859 3342 ἔφθασε
882 3263 951 3338 τοὺς
969 3268 1064 3341 Χαῦς,
1087 3265 1138 3326 ubi
1161 3265 1196 3326 de
1220 3286 1311 3343 puero
1336 3266 1394 3347 agi,
1422 3271 1504 3326 ante-

186 3384 278 3442 quem
296 3384 349 3441 per
368 3366 497 3424 aetatem
511 3362 641 3424 Choibus
659 3363 878 3438 admitteretur,
897 3367 1015 3424 mortuo
1030 3363 1137 3424 Kaibel
1156 3356 1336 3446 coniecitw)
1373 3363 1451 3425 Sane
1469 3365 1504 3424 de
1582 3441 1585 3450 Ι

184 3481 268 3523 more
291 3462 400 3522 liberos
423 3465 505 3521 certa
528 3462 645 3522 demum
669 3465 768 3523 aetate
788 3461 918 3522 Ghoibus
942 3455 1103 3522 adhibendi
1125 3463 1201 3522 nihil
1220 3463 1351 3540 amphus
1376 3465 1497 3523 constat

186 3563 240 3637 qui
253 3560 380 3620 tortasse
394 3559 607 3620 recentioribus
621 3559 805 3636 temporibus
824 3563 908 3620 ortus
925 3563 983 3633 est3
1002 3561 1108 3637 utique
1122 3580 1183 3620 non
1196 3563 1275 3620 reete
1290 3561 1415 3637 Drerup,
1434 3561 1505 3636 quia

258 3777 304 3844 48)
327 3793 353 3844 p.
370 3779 420 3828 181
440 3776 508 3842 not,
527 3773 577 3828 ubi
596 3773 774 3842 medeas
794 3775 915 3829 contulit
934 3777 970 3839 et,
990 3775 1063 3829 sicut
1078 3773 1201 3829 Choibus
1220 3791 1277 3828 una
1294 3791 1358 3829 eam
1376 3774 1446 3829 deae
1462 3793 1505 3830 as·

187 3871 272 3910 censu
296 3853 400 3916 ἄνοδος
421 3861 478 3908 τῶν
495 3853 716 3924 τελευτησάντων
736 3854 879 3910 celebrata
902 3855 940 3909 sit
958 3853 1048 3926 (Phot.
1069 3873 1125 3908 ss.
1141 3853 1228 3924 pecode
1248 3852 1360 3924 ἡμέρα),
1387 3855 1429 3909 ita
1448 3871 1506 3909 una

187 3953 255 4070 {urin
280 3935 416 3989 descensu
443 3935 503 3990 eins
531 3935 692 4006 καταγάγια
724 3936 842 3990 mortuis
875 3936 1018 3990 celebrata
1049 3951 1110 3990 cese
1143 3935 1277 3999 coniecit,
1311 3935 1373 4003 ipse
1410 3937 1506 3989 tamen

207 4033 226 4068 a
247 4015 360 4069 itanter.

259 4105 304 4173 49)
324 4103 358 4158 ci.
364 4103 481 4158 Veneris
492 4103 651 4172 Erycinae'
638 4105 787 4176 Λιαγάνια
801 4107 1010 4174 etKeruye'uyeu
1022 4104 1121 4159 hthen
1131 4103 1170 4158 IX
1181 4105 1266 4172 3941,
1283 4104 1341 4160 hel.
1353 4123 1380 4159 n.
1393 4121 1418 4159 a.
1428 4104 1504 4160 Iva.

188 4183 232 4238 Ad
247 4183 351 4239 Bacchi
361 4185 531 4255 Koesoeydsyta
550 4199 592 4249 ea,
607 4200 680 4253 quae
699 4185 734 4239 de
743 4186 867 4240 Antonio
887 4185 923 4239 ab
939 4185 1068 4255 Ephesiis
1088 4185 1157 4239 urbe
1176 4190 1289 4278 recepto
1304 4185 1379 4240 Plut.
1391 4186 1457 4240 Ant.
1471 4191 1505 4239 14

187 4266 297 4330 namet,
324 4262 419 4318 Maass
447 4267 529 4319 acute
556 4264 668 4319 rettulit
695 4265 849 4334 eodemque
874 4266 1044 4336 Koecuyrbyroe
1069 4265 1248 4319 caerimoniis
1274 4265 1506 4322 memorabilibus

188 4343 294 4412 Ephesi
316 4342 459 4399 celebrata
482 4359 527 4410 ea,
554 4361 627 4413 qnae
649 4345 681 4398 in
699 4346 778 4399 Aeto
796 4346 823 4400 S.
843 4347 975 4400 Timothei
993 4347 1031 4414 (p.
1047 4352 1080 4401 11
1100 4345 1216 4416 Usener)
1237 4350 1506 4413 commemorantur,

187 4439 262 4494 qnae
280 4441 344 4478 enm
362 4424 474 4479 Lobech
493 4426 629 4496 Apluopb.
643 4443 671 4494 p.
688 4430 739 4478 111
758 4425 867 4480 Dianae
885 4427 1039 4492 tribuisset,
1059 4424 1166 4480 Usener
1183 4428 1221 4494 (p.
1237 4429 1281 4488 11)
1301 4431 1416 4496 propter
1434 4429 1506 4481 tem-

187 4521 288 4574 porum
305 4504 504 4578 difficultatem
523 4505 632 4560 Dianae
648 4507 818 4575 Karuyctyeoe
837 4523 901 4560 cnm
920 4505 997 4560 feriis
1017 4505 1089 4561 alius
1109 4506 1213 4560 mensis
1232 4505 1361 4576 aliusque
1380 4506 1427 4560 dei
1449 4505 1507 4561 ritu

187 4583 329 4640 similibus
347 4586 515 4656 ascriptore
533 4584 651 4640 contusa
669 4601 731 4641 esse
750 4587 868 4651 censuit,
888 4586 992 4641 Bacchi
1007 4601 1088 4640 sacra
1101 4585 1189 4640 fuisse
1209 4585 1278 4642 item
1297 4589 1411 4656 proptor
1427 4587 1506 4640 diem

188 4663 306 4720 diffisus.
344 4665 534 4721 Caerimcnias
557 4669 665 4732 tamen,
695 4682 768 4736 qnae
791 4665 833 4721 ibi
857 4665 1065 4732 describuntur,
1095 4665 1205 4721 baccho
1229 4665 1312 4722 valde
1337 4667 1418 4736 aptas
1445 4681 1505 4720 esse

188 4745 399 4800 concedendum
418 4745 488 4800 mibi
508 4746 628 4801 videtur.

260 4837 306 4906 10)
333 4835 369 4890 de
386 4835 620 4905 interpretatione
644 4836 755 4890 diversa
773 4835 984 4890 Wilamowitaii
1009 4837 1119 4907 (Οονιιιι.
1138 4853 1261 4908 pramm.
1276 4835 1326 4888 11
1329 4839 1421 4904 p.1'1)
1450 4835 1504 4888 vid.

188 4913 388 4986 Dittenberger
406 4913 543 4970 101112
563 4916 635 4970 edd.
651 4934 677 4986 p.
694 4921 746 4970 ³00
765 4919 794 4970 et
810 4915 893 4970 Wrde
911 4935 939 4986 p
955 4923 1015 4971 111.

245 5015 318 5066 122·
332 5013 510 5056 GraecSacr
525 5015 685 5058 edzlehen
1257 5009 1290 5057 10
