3450 5458
256 341 320 407 176
775 338 890 394 troas
909 337 1050 394 SAGRAE

254 512 344 572 fallor
368 530 411 586 eo,
435 510 515 588 quod
538 511 670 586 quinque
692 509 740 568 illi
761 511 836 584 viri,
859 509 912 585 qui
939 509 1082 586 pecuniae
1110 507 1364 569 administrandae
1390 507 1570 585 praeficiun-

254 613 314 684 tur,
345 609 456 688 τίμαμα
492 606 533 686 μι)
571 605 696 668 ἔλασσον
726 607 872 668 ταλάντου
903 607 1012 667 habere
1051 606 1159 667 debent
1190 599 1231 688 (v.
1256 607 1298 666 45
1309 599 1396 688 sqq).
1451 606 1501 666 An
1539 608 1572 665 in

255 728 348 786 parvo
377 706 500 784 oppido,
526 707 582 766 illa
609 708 785 784 praesertim
808 707 922 779 aetate,
945 706 1112 784 complures
1135 706 1215 766 cives
1237 705 1329 766 firieee
1351 708 1432 766 tanti
1454 723 1571 779 census,

256 825 272 867 e
300 806 410 884 quibus
439 807 570 881 quinque
598 805 790 883 eligerentur,
825 803 967 864 credibile
994 802 1060 864 est?
1105 803 1253 882 Equidem
1285 804 1378 884 igitur
1406 803 1571 865 Messenios

256 907 400 982 mysteria
427 903 653 963 administrasse
681 905 772 980 atque
799 903 887 962 huius
911 903 986 980 legis
1009 907 1145 963 auctores
1168 903 1259 962 fusse
1282 922 1337 979 pro
1361 906 1442 963 certo
1464 902 1572 976 babeo,

256 1004 433 1080 praesertim
457 1020 524 1062 cum
547 1000 579 1060 id
601 1001 728 1061 historia
749 1002 960 1078 mysteriorum
983 1002 1101 1080 egregie
1124 1001 1322 1062 confirmetur.
1358 1001 1573 1078 Mysteriorum

256 1101 349 1176 enim,
377 1100 435 1160 etsi
458 1101 669 1175 antiquissima
697 1099 790 1160 baisse
812 1117 867 1158 nec
889 1117 1032 1176 umquam
1054 1117 1175 1176 prorsus
1199 1100 1331 1160 extincta
1358 1118 1421 1160 esse
1444 1102 1509 1160 veri
1531 1101 1572 1158 si-

256 1199 416 1258 millimum
438 1201 492 1275 est,
515 1199 612 1257 maior
633 1199 735 1257 tamen
758 1204 789 1257 et
811 1196 955 1258 celebrior
972 1196 1163 1259 sollemnium
1181 1199 1262 1274 ordo,
1286 1198 1384 1274 qualis
1402 1197 1459 1258 hoc
1477 1198 1572 1258 titulo

257 1317 376 1374 quoque
394 1296 504 1374 prodit,
528 1295 677 1356 artissime
695 1313 822 1356 conexus
845 1297 891 1355 est
913 1314 981 1355 cum
999 1295 1072 1355 urbe
1090 1296 1223 1356 Messene
1241 1296 1370 1357 condite.
1407 1295 1472 1366 Quo
1490 1295 1574 1357 euim

256 1399 390 1473 tempore
413 1395 582 1457 libertatem
606 1393 761 1454 Messeniis
784 1395 919 1454 restituit
935 1392 1097 1470 urbemque
1116 1393 1279 1454 Messenem
1297 1393 1430 1454 condidit
1448 1394 1573 1470 Epami·

166 1536 173 1552 .
256 1493 380 1569 nendos,
402 1493 460 1552 hoc
482 1495 547 1569 ipso
570 1494 714 1569 mysteria
737 1509 805 1550 cum
828 1491 1015 1552 sacerdotum
1034 1492 1256 1569 gentiliciorum
1275 1495 1339 1552 tum
1359 1492 1493 1570 Metbapi
1512 1491 1574 1568 Ly-

257 1591 389 1652 ecmidae
413 1609 504 1667 opera
526 1589 662 1650 adhibita
684 1581 910 1670 iustaruavit⁶¹)
935 1607 969 1651 eo
992 1589 1151 1650 manifesto
1175 1589 1313 1666 oonsilio,
1340 1593 1375 1649 ut
1397 1607 1475 1650 nova
1498 1589 1572 1650 urbe

257 1689 363 1768 dignas
387 1687 526 1749 conderet
549 1690 647 1748 feries.

345 1787 471 1847 Ineunte
493 1787 510 1844 I
532 1806 559 1847 a.
576 1785 643 1846 (lhr.
658 1806 686 1844 ιι.
705 1787 823 1846 saeculo
847 1785 982 1845 ordinem
1004 1785 1215 1864 mysteriorum
1237 1789 1347 1846 iterum
1369 1787 1574 1847 instauratum

258 1904 330 1962 esee,
353 1887 416 1945 sive
440 1887 512 1962 quia
530 1886 610 1944 inter
627 1883 707 1944 bella
724 1883 918 1961 publicasque
937 1886 1072 1945 miserias
1091 1903 1211 1962 prorsus
1229 1886 1401 1945 intermissa
1418 1887 1481 1945 aive
1500 1887 1573 1961 qnia

258 2002 318 2043 non
336 1984 397 2042 iam
415 1985 474 2042 rite
493 1981 643 2042 celebrata
661 1985 755 2058 erant,
773 1981 823 2041 hic
840 1982 947 2041 titulus
963 1982 1150 2042 testificatur.
1183 1982 1274 2042 (luius
1288 1984 1449 2061 praecepta
1463 1973 1573 2060 quant·

258 2100 348 2158 opere
377 2082 414 2140 ab
442 2081 544 2140 ordine
573 2080 682 2139 aetatis
705 2079 931 2156 Epaminondae
964 2079 1117 2155 differant,
1150 2081 1299 2157 explorari
1326 2084 1431 2157 nequit
1452 2084 1574 2159 praeter

259 2199 351 2239 unam
374 2198 445 2254 rem,
469 2197 561 2255 quam
583 2181 731 2238 mutatam
759 2196 822 2238 esse
845 2179 919 2238 satis
943 2179 1051 2237 elucet:
1083 2177 1282 2238 sacerdotium
1309 2179 1497 2257 gentilicium
1521 2177 1573 2237 ab·

258 2277 364 2338 clitum
397 2277 609 2354 publicumque
640 2278 754 2337 factum
784 2278 837 2336 est.
882 2275 962 2336 Nam
989 2275 1069 2353 quod
1096 2275 1307 2337 Mnasistratue
1334 2278 1386 2338 ille
1414 2296 1432 2336 a
1459 2277 1573 2354 populo

259 2394 326 2435 cnm
345 2375 412 2436 aliis
431 2366 638 2456 honoribus⁵²)
659 2393 694 2434 ac
707 2375 874 2452 privilegiis
889 2375 1012 2434 affectus
1032 2377 1085 2449 est,
1103 2377 1169 2434 tum
1187 2394 1231 2450 eo,
1249 2377 1284 2434 ut
1302 2378 1457 2452 tamquam
1476 2393 1573 2434 saeer-

258 2473 311 2534 dcs
331 2493 346 2532 e
366 2473 517 2534 sacrificiis
536 2472 714 2550 quibusdam
739 2473 940 2532 emolumenta
958 2474 1049 2532 ferret
1068 2464 1110 2554 (v.
1125 2465 1241 2554 86sq.),
1262 2473 1295 2532 id
1314 2473 1435 2550 Sauppe
1453 2473 1573 2533 eviden-

259 2575 307 2631 ter
329 2553 363 2632 eo
387 2571 557 2649 explicavit,
581 2575 614 2629 ut
636 2571 723 2630 illum
747 2572 809 2630 sire
832 2589 887 2631 sua
909 2575 1016 2647 sponte
1034 2573 1096 2631 sive
1114 2571 1255 2631 hortante
1273 2572 1385 2649 populo
1405 2571 1573 2632 sacerdotio

258 2669 438 2730 hereditario
462 2688 493 2730 se
516 2668 669 2730 abdicasse
692 2668 844 2745 librosque
867 2670 996 2745 patries,
1020 2671 1073 2745 qui
1095 2671 1171 2728 ritus
1195 2687 1346 2730 sacrorum
1369 2649 1574 2744 continebant,

259 2766 375 2828 civibus
398 2767 578 2829 condonasse
601 2759 644 2848 (v.
662 2759 716 2848 12)
741 2759 942 2848 statueret.⁶³)

348 2865 393 2924 De
422 2866 504 2925 cultu
532 2866 654 2925 deorum
685 2864 732 2925 his
763 2867 913 2942 mysteriis
942 2867 1181 2942 coniunctorum,
1214 2885 1273 2942 quo
1301 2867 1506 2927 testimonium
1534 2867 1575 2926 ad

258 2963 415 3024 historiam
447 2965 688 3039 antiquissimam
719 2963 873 3042 religionis
900 2963 1169 3040 Peloponnesiacae
1202 2965 1412 3042 gravimimum
1444 2967 1574 3038 tenetur,

258 3062 315 3121 hoc
337 3063 402 3121 loeo
426 3081 462 3121 ea
485 3062 589 3136 solum,
613 3081 690 3137 quae
714 3061 752 3120 ad
770 3061 1051 3138 interpretationem
1069 3061 1154 3121 tituli
1172 3063 1267 3138 ipsius
1285 3065 1453 3122 necessaria
1470 3063 1573 3124 viden-

259 3162 323 3236 tur,
351 3160 481 3219 afferam.
529 3158 709 3220 colebantur
735 3178 796 3218 una
822 3159 1006 3236 temporibus
1033 3161 1117 3220 tituli
1144 3160 1302 3240 Δαμάτηρ,
1331 3159 1467 3240 Μεγάλοι
1492 3160 1574 3236 Θεοί,

254 3251 380 3336 Ἑρμάν,
395 3254 543 3318 Ἀπόλλων
556 3259 713 3338 Καρνεῖος,
723 3249 872 3339 Ἅγνα.5*)
905 3257 1049 3335 Mysteria
1067 3259 1133 3335 ipse
1152 3261 1252 3318 autem
1272 3259 1439 3334 antiquitus
1458 3256 1574 3317 Oereris

260 3355 444 3435 Hagnaeque
467 3355 590 3433 propria
613 3356 704 3416 baisse
729 3359 759 3414 et
777 3376 830 3433 per
851 3375 882 3416 ee
900 3357 964 3416 veri
983 3356 1080 3417 simile
1098 3360 1143 3416 est
1161 3359 1192 3416 et
1210 3357 1373 3417 Pausanias
1391 3347 1572 3428 testatm⁵⁵l

261 3454 339 3514 Sane
362 3454 524 3514 difficultas
547 3455 694 3530 quaedem
718 3473 751 3514 eo
775 3454 947 3532 praebetur,
976 3454 1055 3531 quod
1078 3453 1242 3515 Pausaniae
1265 3473 1333 3514 cum
1355 3453 1465 3531 lapidis
1488 3455 1573 3513 testi-

259 3555 359 3612 monio
387 3571 447 3612 non
474 3553 563 3629 plane
592 3553 738 3613 convenit
783 3553 839 3612 Mle
867 3553 946 3612 euim
970 3551 1104 3613 Oererem
1132 3556 1163 3612 et
1177 3545 1300 3634 ‘'Ayvcv,
1328 3571 1420 3628 quam
1448 3552 1572 3612 eandem

260 3671 295 3711 ae
313 3649 418 3731 Κόρην
436 3650 518 3726 dicit,
541 3653 661 3710 nomine
679 3649 858 3729 Magnarum
875 3652 1006 3711 Dearum
1025 3650 1270 3727 comprehendere
1290 3650 1374 3726 solet,
1392 3651 1572 3728 Magnorum

259 3749 392 3809 Deorum
422 3749 536 3808 nullam
559 3749 672 3809 faciens
699 3751 894 3824 mentionem,
923 3753 1027 3810 contra
1052 3750 1084 3808 in
1111 3749 1211 3825 lapide
1235 3747 1371 3828 Meydloc
1397 3747 1469 3808 Θεοί
1493 3765 1573 3808 com·

260 3850 475 3924 memorantur,
505 3865 560 3906 nec
582 3865 652 3906 vero
676 3845 764 3906 Ceres
792 3849 822 3906 et
844 3847 953 3925 Hagua
980 3849 1099 3907 nomine
1122 3844 1262 3926 Μεγάλαι
1288 3843 1359 3906 Geel
1383 3846 1573 3922 comprehen-

260 3944 380 4004 duntur.
427 3945 492 4015 Qua
519 3965 551 4004 re
578 3944 720 4005 commoti
743 3943 863 4021 Sauppe
891 3949 922 4003 et
944 3945 1074 4005 Foueart
1095 3943 1277 4004 Pausaniam
1304 3961 1368 4002 rem
1395 3943 1573 4019 confudisse,

261 4043 338 4103 Deos
362 4043 487 4121 Magnos
509 4045 529 4103 i.
544 4063 568 4102 e.
588 4041 711 4104 Gabiros
739 4062 793 4119 pro
817 4042 936 4102 Deabus
959 4041 1077 4122 Magnis
1104 4041 1272 4102 vendidisse
1300 4044 1428 4101 censent
1475 4039 1570 4111 Quam

333 4215 378 4281 tl)
405 4211 524 4267 Pausan.
540 4211 579 4266 IV
594 4217 637 4281 20,
648 4217 729 4282 oeqq.
767 4211 808 4268 De
826 4212 880 4266 hac
898 4228 928 4268 re
948 4213 977 4267 et
1000 4211 1035 4266 de
1053 4212 1182 4266 universa
1200 4211 1292 4266 cultus
1312 4211 1435 4266 Andanii
1454 4210 1573 4265 historia

261 4291 425 4362 propediem
443 4291 571 4363 pluribus
590 4293 646 4349 alio
664 4292 726 4348 loco
745 4308 791 4347 me
809 4293 955 4362 disputare
972 4308 1055 4362 posse
1074 4309 1162 4362 spero.

334 4375 378 4442 62)
405 4387 527 4442 pompae
544 4373 702 4443 principem
719 4373 814 4427 locum
832 4376 912 4428 tenet
926 4376 960 4443 (v.
976 4375 1030 4441 28),
1050 4389 1145 4427 curam
1162 4371 1249 4426 fontis
1269 4375 1297 4426 et
1316 4371 1459 4426 simulacri
1473 4368 1574 4442 'ilpunc

262 4453 382 4506 sustinet
401 4455 435 4523 (v.
452 4456 572 4523 84eqq.),
592 4453 698 4508 clavem
717 4454 837 4508 alterurn
855 4453 971 4507 alterius
989 4453 1115 4507 thesauri
1135 4455 1280 4506 conservat
1298 4455 1333 4522 (v.
1349 4455 1403 4522 22),
1422 4452 1458 4505 ad
1473 4451 1572 4521 epulas

263 4547 354 4586 sacras
378 4549 434 4586 una
457 4551 521 4587 cum
544 4549 629 4588 uxore
652 4535 782 4602 natisque
800 4537 916 4588 vocatur
934 4535 969 4604 (r
986 4536 1042 4602 97),
1068 4533 1104 4586 ad
1127 4549 1258 4586 eoronam
1281 4535 1351 4586 0000
1370 4531 1517 4586 drachmas
1537 4531 1573 4586 ab

261 4611 330 4666 urbe
349 4613 454 4683 accipit
473 4615 507 4682 (v.
482 4619 605 4684 v.52aq
627 4616 655 4668 et
674 4619 774 4686 94sq.).

333 4695 378 4762 03)
407 4692 441 4747 cf.
462 4709 535 4763 qnae
554 4695 591 4747 ad
610 4712 636 4748 ιι.
652 4699 686 4748 84
704 4693 845 4749 adnotavi.

333 4777 377 4842 04)
402 4771 443 4827 ita
453 4778 468 4840 ς
479 4779 521 4842 12,
537 4779 578 4840 §6
594 4775 691 4830 ordine
704 4774 790 4846 paulo
804 4777 914 4829 mutato
928 4775 1140 4828 enumerantur:
1157 4771 1300 4842 Δαμάτηρ,
1312 4769 1429 4841 Ἑρμᾶν,
1444 4770 1574 4841 Μεγάλοι

265 4849 341 4919 Θεοί,
357 4850 490 4909 Ἀπόλλων
510 4859 656 4924 Καρνεῖος,
669 4853 710 4909 Α
702 4876 763 4924 [να

335 4934 378 5001 to)
406 4933 486 4988 Paua.
502 4933 669 5004 1v1‚esqq.
689 4940 718 4990 et
736 4935 775 4989 IV
786 4941 828 5004 33,
839 4943 864 4988 4.
