<?xml version="1.0" encoding="UTF-8"?>
<!DOCTYPE html PUBLIC "-//W3C//DTD XHTML 1.0 Transitional//EN"
    "http://www.w3.org/TR/xhtml1/DTD/xhtml1-transitional.dtd">
<html xmlns="http://www.w3.org/1999/xhtml" xml:lang="en" lang="en">
 <head>
  <title>
</title>
<meta http-equiv="Content-Type" content="text/html;charset=utf-8" />
  <meta name='ocr-system' content='tesseract 3.04.00' />
  <meta name='ocr-capabilities' content='ocr_page ocr_carea ocr_par ocr_line ocrx_word'/>
</head>
<body>
  <div class='ocr_page' id='page_1' title='image "./legesgraecorums00ziehgoog_0319.png"; bbox 0 0 3434 5464; ppageno 0'>
   <div class='ocr_carea' id='block_1_1' title="bbox 302 331 1098 397">
    <p class='ocr_par' dir='ltr' id='par_1_1' title="bbox 302 331 1098 397">
     <span class='ocr_line' id='line_1_1' title="bbox 302 331 1098 397; baseline 0.01 -14"><span class='ocrx_word' id='word_1_1' title='bbox 302 331 368 397; x_wconf 80' lang='grc'><strong>306</strong></span> <span class='ocrx_word' id='word_1_2' title='bbox 823 333 940 389; x_wconf 75' lang='lat' dir='ltr'><strong>Lucus</strong></span> <span class='ocrx_word' id='word_1_3' title='bbox 959 333 1098 390; x_wconf 71' lang='lat' dir='ltr'><strong>suom</strong></span> 
     </span>
    </p>
   </div>
   <div class='ocr_carea' id='block_1_2' title="bbox 301 500 1619 1567">
    <p class='ocr_par' dir='ltr' id='par_1_2' title="bbox 302 500 1618 1249">
     <span class='ocr_line' id='line_1_2' title="bbox 302 500 1617 585; baseline 0.004 -24"><span class='ocrx_word' id='word_1_4' title='bbox 302 502 439 578; x_wconf 88' lang='lat' dir='ltr'><strong>reliquiis</strong></span> <span class='ocrx_word' id='word_1_5' title='bbox 463 500 523 562; x_wconf 85' lang='grc' dir='ltr'><strong><em>όττο</em></strong></span> <span class='ocrx_word' id='word_1_6' title='bbox 550 505 581 562; x_wconf 88' lang='lat' dir='ltr'><strong>et</strong></span> <span class='ocrx_word' id='word_1_7' title='bbox 602 523 642 563; x_wconf 87' lang='grc' dir='ltr'><strong>τιο</strong></span> <span class='ocrx_word' id='word_1_8' title='bbox 667 504 814 580; x_wconf 89' lang='lat' dir='ltr'><strong>quomodo</strong></span> <span class='ocrx_word' id='word_1_9' title='bbox 841 504 867 564; x_wconf 91' lang='lat' dir='ltr'><strong>is</strong></span> <span class='ocrx_word' id='word_1_10' title='bbox 895 523 997 566; x_wconf 88' lang='lat' dir='ltr'><strong>sensus</strong></span> <span class='ocrx_word' id='word_1_11' title='bbox 1020 505 1090 565; x_wconf 89' lang='lat' dir='ltr'><strong>elici</strong></span> <span class='ocrx_word' id='word_1_12' title='bbox 1111 508 1220 582; x_wconf 79' lang='lat' dir='ltr'><strong>possit,</strong></span> <span class='ocrx_word' id='word_1_13' title='bbox 1247 525 1306 566; x_wconf 91' lang='lat' dir='ltr'><strong>non</strong></span> <span class='ocrx_word' id='word_1_14' title='bbox 1330 508 1425 585; x_wconf 87' lang='lat' dir='ltr'><strong>magis</strong></span> <span class='ocrx_word' id='word_1_15' title='bbox 1450 525 1543 584; x_wconf 87' lang='lat' dir='ltr'><strong>quam</strong></span> <span class='ocrx_word' id='word_1_16' title='bbox 1567 507 1617 566; x_wconf 85' lang='lat' dir='ltr'><strong>Kr.</strong></span> 
     </span>
     <span class='ocr_line' id='line_1_3' title="bbox 303 599 1617 681; baseline 0.005 -23"><span class='ocrx_word' id='word_1_17' title='bbox 303 601 335 658; x_wconf 93' lang='lat' dir='ltr'><strong>et</strong></span> <span class='ocrx_word' id='word_1_18' title='bbox 357 599 454 660; x_wconf 82' lang='lat' dir='ltr'><strong>Paion</strong></span> <span class='ocrx_word' id='word_1_19' title='bbox 476 600 571 660; x_wconf 82' lang='lat' dir='ltr'><strong>uideo.</strong></span> <span class='ocrx_word' id='word_1_20' title='bbox 618 601 838 681; x_wconf 90' lang='lat' dir='ltr'><strong>Papageorgios</strong></span> <span class='ocrx_word' id='word_1_21' title='bbox 870 606 971 663; x_wconf 89' lang='lat' dir='ltr'><strong>autem</strong></span> <span class='ocrx_word' id='word_1_22' title='bbox 1004 604 1084 679; x_wconf 89' lang='lat' dir='ltr'><strong>quod</strong></span> <span class='ocrx_word' id='word_1_23' title='bbox 1115 603 1230 664; x_wconf 90' lang='lat' dir='ltr'><strong>duobus</strong></span> <span class='ocrx_word' id='word_1_24' title='bbox 1262 605 1336 664; x_wconf 88' lang='lat' dir='ltr'><strong>locis</strong></span> <span class='ocrx_word' id='word_1_25' title='bbox 1363 605 1487 664; x_wconf 91' lang='lat' dir='ltr'><strong>eandem</strong></span> <span class='ocrx_word' id='word_1_26' title='bbox 1515 624 1617 666; x_wconf 83' lang='lat' dir='ltr'><strong>vocem</strong></span> 
     </span>
     <span class='ocr_line' id='line_1_4' title="bbox 303 695 1617 781; baseline 0.005 -24"><span class='ocrx_word' id='word_1_27' title='bbox 303 695 363 757; x_wconf 84' lang='grc' dir='ltr'><strong><em>όιπδ</em></strong></span> <span class='ocrx_word' id='word_1_28' title='bbox 385 696 497 759; x_wconf 82' lang='grc' dir='ltr'><strong><em>τονιαίτιο</em></strong></span> <span class='ocrx_word' id='word_1_29' title='bbox 519 699 654 759; x_wconf 88' lang='lat' dir='ltr'><strong>restituit</strong></span> <span class='ocrx_word' id='word_1_30' title='bbox 676 699 756 759; x_wconf 91' lang='lat' dir='ltr'><strong>idem</strong></span> <span class='ocrx_word' id='word_1_31' title='bbox 778 703 822 760; x_wconf 89' lang='lat' dir='ltr'><strong>rei</strong></span> <span class='ocrx_word' id='word_1_32' title='bbox 845 700 1024 761; x_wconf 78' lang='lat' dir='ltr'><strong>domesticae</strong></span> <span class='ocrx_word' id='word_1_33' title='bbox 1047 705 1079 760; x_wconf 90' lang='lat' dir='ltr'><strong>et</strong></span> <span class='ocrx_word' id='word_1_34' title='bbox 1101 702 1216 762; x_wconf 90' lang='lat' dir='ltr'><strong>alienae</strong></span> <span class='ocrx_word' id='word_1_35' title='bbox 1234 701 1391 762; x_wconf 72' lang='lat' dir='ltr'><strong>discrimen</strong></span> <span class='ocrx_word' id='word_1_36' title='bbox 1415 723 1450 763; x_wconf 85' lang='lat' dir='ltr'><strong>ac</strong></span> <span class='ocrx_word' id='word_1_37' title='bbox 1472 723 1500 764; x_wconf 86' lang='lat' dir='ltr'><strong>r.</strong></span> <span class='ocrx_word' id='word_1_38' title='bbox 1523 705 1617 781; x_wconf 82' lang='lat' dir='ltr'><strong>2sqq.</strong></span> 
     </span>
     <span class='ocr_line' id='line_1_5' title="bbox 303 796 1617 880; baseline 0.003 -25"><span class='ocrx_word' id='word_1_39' title='bbox 303 796 404 855; x_wconf 88' lang='lat' dir='ltr'><strong>valere</strong></span> <span class='ocrx_word' id='word_1_40' title='bbox 426 798 519 874; x_wconf 72' lang='lat' dir='ltr'><strong>ratris,</strong></span> <span class='ocrx_word' id='word_1_41' title='bbox 542 816 602 857; x_wconf 90' lang='lat' dir='ltr'><strong>uon</strong></span> <span class='ocrx_word' id='word_1_42' title='bbox 624 797 699 856; x_wconf 88' lang='lat' dir='ltr'><strong>mihi</strong></span> <span class='ocrx_word' id='word_1_43' title='bbox 721 800 878 875; x_wconf 85' lang='lat' dir='ltr'><strong>persuasit</strong></span> <span class='ocrx_word' id='word_1_44' title='bbox 914 797 999 859; x_wconf 89' lang='lat' dir='ltr'><strong>Licet</strong></span> <span class='ocrx_word' id='word_1_45' title='bbox 1017 802 1097 858; x_wconf 90' lang='lat' dir='ltr'><strong>enim</strong></span> <span class='ocrx_word' id='word_1_46' title='bbox 1113 800 1170 860; x_wconf 87' lang='lat' dir='ltr'><strong>hoc</strong></span> <span class='ocrx_word' id='word_1_47' title='bbox 1188 799 1348 859; x_wconf 74' lang='lat' dir='ltr'><strong>discrimen</strong></span> <span class='ocrx_word' id='word_1_48' title='bbox 1365 801 1422 861; x_wconf 91' lang='lat' dir='ltr'><strong>hoc</strong></span> <span class='ocrx_word' id='word_1_49' title='bbox 1439 801 1505 861; x_wconf 91' lang='lat' dir='ltr'><strong>loco</strong></span> <span class='ocrx_word' id='word_1_50' title='bbox 1525 803 1617 880; x_wconf 86' lang='lat' dir='ltr'><strong>signi-</strong></span> 
     </span>
     <span class='ocr_line' id='line_1_6' title="bbox 303 893 1616 974; baseline 0.004 -21"><span class='ocrx_word' id='word_1_51' title='bbox 303 893 424 954; x_wconf 86' lang='lat' dir='ltr'><strong>ficatum</strong></span> <span class='ocrx_word' id='word_1_52' title='bbox 447 914 509 954; x_wconf 91' lang='lat' dir='ltr'><strong>non</strong></span> <span class='ocrx_word' id='word_1_53' title='bbox 533 914 595 956; x_wconf 89' lang='lat' dir='ltr'><strong>esse</strong></span> <span class='ocrx_word' id='word_1_54' title='bbox 619 897 823 972; x_wconf 85' lang='lat' dir='ltr'><strong>concedamus,</strong></span> <span class='ocrx_word' id='word_1_55' title='bbox 845 901 1037 974; x_wconf 88' lang='lat' dir='ltr'><strong>praeceptum</strong></span> <span class='ocrx_word' id='word_1_56' title='bbox 1059 901 1160 957; x_wconf 88' lang='lat' dir='ltr'><strong>tamen</strong></span> <span class='ocrx_word' id='word_1_57' title='bbox 1183 918 1210 959; x_wconf 86' lang='lat' dir='ltr'><strong>r.</strong></span> <span class='ocrx_word' id='word_1_58' title='bbox 1229 899 1304 974; x_wconf 75' lang='lat' dir='ltr'><strong>leq.¹</strong></span> <span class='ocrx_word' id='word_1_59' title='bbox 1320 895 1414 958; x_wconf 82' lang='grc' dir='ltr'><strong><em>αόταν</em></strong></span> <span class='ocrx_word' id='word_1_60' title='bbox 1438 895 1470 959; x_wconf 85' lang='grc' dir='ltr'><strong>δὲ</strong></span> <span class='ocrx_word' id='word_1_61' title='bbox 1493 898 1549 960; x_wconf 85' lang='grc' dir='ltr'><strong>τὰν</strong></span> <span class='ocrx_word' id='word_1_62' title='bbox 1573 921 1616 958; x_wconf 83' lang='grc' dir='ltr'><strong><em>τι-</em></strong></span> 
     </span>
     <span class='ocr_line' id='line_1_7' title="bbox 304 989 1616 1074; baseline 0.005 -24"><span class='ocrx_word' id='word_1_63' title='bbox 304 991 442 1053; x_wconf 88' lang='grc' dir='ltr'><strong><em>τόιιοισαν</em></strong></span> <span class='ocrx_word' id='word_1_64' title='bbox 470 990 591 1072; x_wconf 72' lang='grc' dir='ltr'><strong><em>ἁμέραις</em></strong></span> <span class='ocrx_word' id='word_1_65' title='bbox 619 989 690 1054; x_wconf 77' lang='grc' dir='ltr'><strong><em>δέκα</em></strong></span> <span class='ocrx_word' id='word_1_66' title='bbox 712 997 748 1054; x_wconf 90' lang='lat' dir='ltr'><strong>ut</strong></span> <span class='ocrx_word' id='word_1_67' title='bbox 775 995 843 1054; x_wconf 91' lang='lat' dir='ltr'><strong>inde</strong></span> <span class='ocrx_word' id='word_1_68' title='bbox 870 995 1009 1073; x_wconf 75' lang='lat' dir='ltr'><strong>explicet,</strong></span> <span class='ocrx_word' id='word_1_69' title='bbox 1038 995 1281 1056; x_wconf 87' lang='lat' dir='ltr'><strong>artificiosissima</strong></span> <span class='ocrx_word' id='word_1_70' title='bbox 1304 999 1332 1056; x_wconf 92' lang='lat' dir='ltr'><strong>ei</strong></span> <span class='ocrx_word' id='word_1_71' title='bbox 1355 1015 1429 1074; x_wconf 89' lang='lat' dir='ltr'><strong>opus</strong></span> <span class='ocrx_word' id='word_1_72' title='bbox 1457 1000 1503 1056; x_wconf 87' lang='lat' dir='ltr'><strong>est</strong></span> <span class='ocrx_word' id='word_1_73' title='bbox 1524 1000 1616 1056; x_wconf 88' lang='lat' dir='ltr'><strong>inter-</strong></span> 
     </span>
     <span class='ocr_line' id='line_1_8' title="bbox 302 1085 1618 1174; baseline 0.004 -24"><span class='ocrx_word' id='word_1_74' title='bbox 302 1092 470 1167; x_wconf 87' lang='lat' dir='ltr'><strong>pretatione</strong></span> <span class='ocrx_word' id='word_1_75' title='bbox 493 1111 531 1150; x_wconf 91' lang='lat' dir='ltr'><strong>ne</strong></span> <span class='ocrx_word' id='word_1_76' title='bbox 554 1091 651 1150; x_wconf 87' lang='lat' dir='ltr'><strong>dicam</strong></span> <span class='ocrx_word' id='word_1_77' title='bbox 675 1085 838 1174; x_wconf 64' lang='lat' dir='ltr'><strong>subdoli),</strong></span> <span class='ocrx_word' id='word_1_78' title='bbox 865 1112 941 1169; x_wconf 81' lang='lat' dir='ltr'><strong>quoe</strong></span> <span class='ocrx_word' id='word_1_79' title='bbox 964 1093 1086 1172; x_wconf 85' lang='lat' dir='ltr'><strong>probari</strong></span> <span class='ocrx_word' id='word_1_80' title='bbox 1108 1095 1220 1170; x_wconf 88' lang='lat' dir='ltr'><strong>nequit.</strong></span> <span class='ocrx_word' id='word_1_81' title='bbox 1266 1094 1371 1154; x_wconf 80' lang='lat' dir='ltr'><strong>Acus</strong></span> <span class='ocrx_word' id='word_1_82' title='bbox 1396 1095 1474 1154; x_wconf 91' lang='lat' dir='ltr'><strong>illud</strong></span> <span class='ocrx_word' id='word_1_83' title='bbox 1496 1095 1618 1172; x_wconf 87' lang='lat' dir='ltr'><strong>quidem</strong></span> 
     </span>
     <span class='ocr_line' id='line_1_9' title="bbox 303 1188 598 1249; baseline 0.003 -1"><span class='ocrx_word' id='word_1_84' title='bbox 303 1191 349 1248; x_wconf 87' lang='lat' dir='ltr'><strong>est</strong></span> <span class='ocrx_word' id='word_1_85' title='bbox 371 1188 598 1249; x_wconf 84' lang='lat' dir='ltr'><strong>eoncedendum.</strong></span> 
     </span>
    </p>

    <p class='ocr_par' dir='ltr' id='par_1_3' title="bbox 301 1283 1619 1567">
     <span class='ocr_line' id='line_1_10' title="bbox 391 1283 1619 1368; baseline 0.006 -24"><span class='ocrx_word' id='word_1_86' title='bbox 391 1286 462 1346; x_wconf 88' lang='lat' dir='ltr'><strong>V.9</strong></span> <span class='ocrx_word' id='word_1_87' title='bbox 487 1283 545 1347; x_wconf 82' lang='grc' dir='ltr'><strong><em>όιττό</em></strong></span> <span class='ocrx_word' id='word_1_88' title='bbox 565 1286 719 1368; x_wconf 80' lang='grc' dir='ltr'><strong><em>μόναιιιοςι</em></strong></span> <span class='ocrx_word' id='word_1_89' title='bbox 743 1288 779 1348; x_wconf 91' lang='lat' dir='ltr'><strong>de</strong></span> <span class='ocrx_word' id='word_1_90' title='bbox 801 1288 858 1348; x_wconf 91' lang='lat' dir='ltr'><strong>hac</strong></span> <span class='ocrx_word' id='word_1_91' title='bbox 880 1299 912 1348; x_wconf 82' lang='lat' dir='ltr'><strong>re</strong></span> <span class='ocrx_word' id='word_1_92' title='bbox 935 1309 1036 1348; x_wconf 90' lang='lat' dir='ltr'><strong>omnes</strong></span> <span class='ocrx_word' id='word_1_93' title='bbox 1059 1289 1119 1348; x_wconf 90' lang='lat' dir='ltr'><strong>fere</strong></span> <span class='ocrx_word' id='word_1_94' title='bbox 1137 1291 1219 1368; x_wconf 90' lang='lat' dir='ltr'><strong>leges</strong></span> <span class='ocrx_word' id='word_1_95' title='bbox 1237 1293 1435 1365; x_wconf 81' lang='lat' dir='ltr'><strong>consentiunt,</strong></span> <span class='ocrx_word' id='word_1_96' title='bbox 1458 1292 1518 1351; x_wconf 90' lang='lat' dir='ltr'><strong>nisi</strong></span> <span class='ocrx_word' id='word_1_97' title='bbox 1536 1291 1619 1368; x_wconf 90' lang='lat' dir='ltr'><strong>quod</strong></span> 
     </span>
     <span class='ocr_line' id='line_1_11' title="bbox 301 1384 1619 1463; baseline 0.005 -21"><span class='ocrx_word' id='word_1_98' title='bbox 301 1385 349 1443; x_wconf 88' lang='lat' dir='ltr'><strong>lex</strong></span> <span class='ocrx_word' id='word_1_99' title='bbox 368 1384 507 1463; x_wconf 76' lang='lat' dir='ltr'><strong>Pergami</strong></span> <span class='ocrx_word' id='word_1_100' title='bbox 528 1406 557 1444; x_wconf 92' lang='lat' dir='ltr'><strong>n.</strong></span> <span class='ocrx_word' id='word_1_101' title='bbox 579 1389 641 1446; x_wconf 81' lang='lat'><strong>192</strong></span> <span class='ocrx_word' id='word_1_102' title='bbox 666 1386 819 1445; x_wconf 87' lang='lat' dir='ltr'><strong>adulteros</strong></span> <span class='ocrx_word' id='word_1_103' title='bbox 842 1388 970 1447; x_wconf 88' lang='lat' dir='ltr'><strong>secundo</strong></span> <span class='ocrx_word' id='word_1_104' title='bbox 993 1388 1116 1446; x_wconf 80' lang='lat' dir='ltr'><strong>demum·</strong></span> <span class='ocrx_word' id='word_1_105' title='bbox 1135 1388 1183 1446; x_wconf 91' lang='lat' dir='ltr'><strong>die</strong></span> <span class='ocrx_word' id='word_1_106' title='bbox 1206 1390 1320 1449; x_wconf 87' lang='lat' dir='ltr'><strong>intrare</strong></span> <span class='ocrx_word' id='word_1_107' title='bbox 1342 1391 1423 1449; x_wconf 83' lang='lat' dir='ltr'><strong>sinit</strong></span> <span class='ocrx_word' id='word_1_108' title='bbox 1460 1388 1504 1448; x_wconf 81' lang='lat' dir='ltr'><strong>Cf.</strong></span> <span class='ocrx_word' id='word_1_109' title='bbox 1524 1390 1619 1448; x_wconf 84' lang='lat' dir='ltr'><strong>etiam</strong></span> 
     </span>
     <span class='ocr_line' id='line_1_12' title="bbox 303 1483 1617 1567; baseline 0.004 -26"><span class='ocrx_word' id='word_1_110' title='bbox 303 1501 379 1558; x_wconf 89' lang='lat' dir='ltr'><strong>quae</strong></span> <span class='ocrx_word' id='word_1_111' title='bbox 403 1483 441 1542; x_wconf 84' lang='lat' dir='ltr'><strong>ad</strong></span> <span class='ocrx_word' id='word_1_112' title='bbox 465 1504 492 1542; x_wconf 93' lang='lat' dir='ltr'><strong>n.</strong></span> <span class='ocrx_word' id='word_1_113' title='bbox 513 1485 554 1542; x_wconf 84' lang='grc'><strong>49</strong></span> <span class='ocrx_word' id='word_1_114' title='bbox 579 1484 677 1544; x_wconf 87' lang='lat' dir='ltr'><strong>attuli.</strong></span> <span class='ocrx_word' id='word_1_115' title='bbox 701 1516 745 1526; x_wconf 91' lang='lat'><em>-</em></span> <span class='ocrx_word' id='word_1_116' title='bbox 768 1505 795 1543; x_wconf 82' lang='lat' dir='ltr'><strong>u.</strong></span> <span class='ocrx_word' id='word_1_117' title='bbox 818 1487 908 1545; x_wconf 91' lang='lat' dir='ltr'><strong>10in.</strong></span> <span class='ocrx_word' id='word_1_118' title='bbox 928 1487 1055 1546; x_wconf 88' lang='lat' dir='ltr'><strong>alterum</strong></span> <span class='ocrx_word' id='word_1_119' title='bbox 1079 1491 1197 1563; x_wconf 90' lang='lat' dir='ltr'><strong>praeter</strong></span> <span class='ocrx_word' id='word_1_120' title='bbox 1219 1487 1386 1563; x_wconf 76' lang='lat' dir='ltr'><strong>proditores</strong></span> <span class='ocrx_word' id='word_1_121' title='bbox 1409 1507 1502 1567; x_wconf 88' lang='lat' dir='ltr'><strong>genus</strong></span> <span class='ocrx_word' id='word_1_122' title='bbox 1520 1489 1617 1547; x_wconf 90' lang='lat' dir='ltr'><strong>homi-</strong></span> 
     </span>
    </p>
   </div>
   <div class='ocr_carea' id='block_1_3' title="bbox 212 1579 1618 1662">
    <p class='ocr_par' dir='ltr' id='par_1_4' title="bbox 212 1579 1618 1662">
     <span class='ocr_line' id='line_1_13' title="bbox 212 1579 1618 1662; baseline 0.006 -24"><span class='ocrx_word' id='word_1_123' title='bbox 212 1642 217 1651; x_wconf 62' lang='lat'><strong>,</strong></span> <span class='ocrx_word' id='word_1_124' title='bbox 302 1601 374 1640; x_wconf 92' lang='lat' dir='ltr'><strong>num</strong></span> <span class='ocrx_word' id='word_1_125' title='bbox 398 1583 542 1658; x_wconf 85' lang='lat' dir='ltr'><strong>scriptum</strong></span> <span class='ocrx_word' id='word_1_126' title='bbox 570 1584 647 1658; x_wconf 84' lang='lat' dir='ltr'><strong>erut,</strong></span> <span class='ocrx_word' id='word_1_127' title='bbox 676 1582 727 1642; x_wconf 91' lang='lat' dir='ltr'><strong>sed</strong></span> <span class='ocrx_word' id='word_1_128' title='bbox 754 1579 956 1662; x_wconf 81' lang='grc' dir='ltr'><strong>ἀνδροφόνοις</strong></span> <span class='ocrx_word' id='word_1_129' title='bbox 978 1586 1116 1644; x_wconf 76' lang='lat' dir='ltr'><strong>lacunam</strong></span> <span class='ocrx_word' id='word_1_130' title='bbox 1141 1604 1280 1662; x_wconf 87' lang='lat' dir='ltr'><strong>superare</strong></span> <span class='ocrx_word' id='word_1_131' title='bbox 1304 1585 1423 1645; x_wconf 81' lang='lat' dir='ltr'><strong>ridetur</strong></span> <span class='ocrx_word' id='word_1_132' title='bbox 1444 1605 1542 1662; x_wconf 90' lang='lat' dir='ltr'><strong>neque</strong></span> <span class='ocrx_word' id='word_1_133' title='bbox 1567 1605 1618 1646; x_wconf 84' lang='lat' dir='ltr'><strong>eos</strong></span> 
     </span>
    </p>
   </div>
   <div class='ocr_carea' id='block_1_4' title="bbox 299 1678 1618 2448">
    <p class='ocr_par' dir='ltr' id='par_1_5' title="bbox 299 1678 1618 2154">
     <span class='ocr_line' id='line_1_14' title="bbox 302 1678 1618 1760; baseline 0.003 -22"><span class='ocrx_word' id='word_1_134' title='bbox 302 1678 412 1738; x_wconf 90' lang='lat' dir='ltr'><strong>diserte</strong></span> <span class='ocrx_word' id='word_1_135' title='bbox 435 1679 553 1739; x_wconf 83' lang='lat' dir='ltr'><strong>excludi</strong></span> <span class='ocrx_word' id='word_1_136' title='bbox 574 1680 637 1738; x_wconf 83' lang='lat' dir='ltr'><strong>ueri</strong></span> <span class='ocrx_word' id='word_1_137' title='bbox 661 1680 758 1739; x_wconf 88' lang='lat' dir='ltr'><strong>simile</strong></span> <span class='ocrx_word' id='word_1_138' title='bbox 781 1684 863 1758; x_wconf 90' lang='lat' dir='ltr'><strong>puto,</strong></span> <span class='ocrx_word' id='word_1_139' title='bbox 887 1683 924 1741; x_wconf 84' lang='lat' dir='ltr'><strong>ci.</strong></span> <span class='ocrx_word' id='word_1_140' title='bbox 943 1701 1019 1757; x_wconf 83' lang='lat' dir='ltr'><strong>quae</strong></span> <span class='ocrx_word' id='word_1_141' title='bbox 1037 1704 1066 1760; x_wconf 90' lang='lat' dir='ltr'><strong>p.</strong></span> <span class='ocrx_word' id='word_1_142' title='bbox 1084 1685 1145 1742; x_wconf 86' lang='lat'><strong>151</strong></span> <span class='ocrx_word' id='word_1_143' title='bbox 1166 1683 1204 1742; x_wconf 85' lang='lat' dir='ltr'><strong>sd</strong></span> <span class='ocrx_word' id='word_1_144' title='bbox 1222 1705 1251 1742; x_wconf 92' lang='lat' dir='ltr'><strong>n.</strong></span> <span class='ocrx_word' id='word_1_145' title='bbox 1266 1685 1307 1743; x_wconf 83' lang='lat'><strong>49</strong></span> <span class='ocrx_word' id='word_1_146' title='bbox 1328 1682 1479 1744; x_wconf 82' lang='lat' dir='ltr'><strong>adnotavi.</strong></span> <span class='ocrx_word' id='word_1_147' title='bbox 1517 1681 1618 1753; x_wconf 85' lang='lat' dir='ltr'><strong>Quare</strong></span> 
     </span>
     <span class='ocr_line' id='line_1_15' title="bbox 302 1773 1618 1860; baseline 0.005 -24"><span class='ocrx_word' id='word_1_148' title='bbox 302 1773 397 1850; x_wconf 78' lang='grc' dir='ltr'><strong>ξένοις</strong></span> <span class='ocrx_word' id='word_1_149' title='bbox 424 1779 525 1854; x_wconf 91' lang='lat' dir='ltr'><strong>potius</strong></span> <span class='ocrx_word' id='word_1_150' title='bbox 553 1780 607 1837; x_wconf 88' lang='lat' dir='ltr'><strong>aut</strong></span> <span class='ocrx_word' id='word_1_151' title='bbox 634 1777 753 1850; x_wconf 86' lang='grc' dir='ltr'><strong><em>δοόλοις</em></strong></span> <span class='ocrx_word' id='word_1_152' title='bbox 779 1781 871 1840; x_wconf 84' lang='lat' dir='ltr'><strong>fuisse</strong></span> <span class='ocrx_word' id='word_1_153' title='bbox 898 1782 1041 1856; x_wconf 84' lang='lat' dir='ltr'><strong>scriptum</strong></span> <span class='ocrx_word' id='word_1_154' title='bbox 1069 1782 1195 1855; x_wconf 79' lang='lat' dir='ltr'><strong>conici03</strong></span> <span class='ocrx_word' id='word_1_155' title='bbox 1226 1783 1453 1860; x_wconf 88' lang='lat' dir='ltr'><strong>peregrinorum</strong></span> <span class='ocrx_word' id='word_1_156' title='bbox 1484 1783 1618 1842; x_wconf 82' lang='lat' dir='ltr'><strong>exclusio</strong></span> 
     </span>
     <span class='ocr_line' id='line_1_16' title="bbox 299 1874 1617 1956; baseline 0.005 -22"><span class='ocrx_word' id='word_1_157' title='bbox 299 1893 396 1950; x_wconf 61' lang='lat' dir='ltr'><strong>‚aeque</strong></span> <span class='ocrx_word' id='word_1_158' title='bbox 419 1894 455 1935; x_wconf 89' lang='lat' dir='ltr'><strong>ac</strong></span> <span class='ocrx_word' id='word_1_159' title='bbox 476 1877 664 1953; x_wconf 88' lang='lat' dir='ltr'><strong>proditorum</strong></span> <span class='ocrx_word' id='word_1_160' title='bbox 688 1874 785 1936; x_wconf 85' lang='lat' dir='ltr'><strong>Gaeae</strong></span> <span class='ocrx_word' id='word_1_161' title='bbox 813 1879 904 1937; x_wconf 86' lang='lat' dir='ltr'><strong>sacris</strong></span> <span class='ocrx_word' id='word_1_162' title='bbox 931 1879 1059 1937; x_wconf 87' lang='lat' dir='ltr'><strong>maxime</strong></span> <span class='ocrx_word' id='word_1_163' title='bbox 1090 1881 1247 1940; x_wconf 87' lang='lat' dir='ltr'><strong>convenire</strong></span> <span class='ocrx_word' id='word_1_164' title='bbox 1270 1880 1401 1955; x_wconf 71' lang='lat' dir='ltr'><strong>videtum,</strong></span> <span class='ocrx_word' id='word_1_165' title='bbox 1435 1882 1527 1940; x_wconf 83' lang='lat' dir='ltr'><strong>etiam</strong></span> <span class='ocrx_word' id='word_1_166' title='bbox 1550 1879 1617 1956; x_wconf 77' lang='lat' dir='ltr'><strong>My-</strong></span> 
     </span>
     <span class='ocr_line' id='line_1_17' title="bbox 302 1973 1618 2057; baseline 0.004 -25"><span class='ocrx_word' id='word_1_167' title='bbox 302 1973 390 2048; x_wconf 84' lang='lat' dir='ltr'><strong>conii,</strong></span> <span class='ocrx_word' id='word_1_168' title='bbox 412 1973 465 2032; x_wconf 91' lang='lat' dir='ltr'><strong>ubi</strong></span> <span class='ocrx_word' id='word_1_169' title='bbox 479 1973 534 2033; x_wconf 83' lang='grc' dir='ltr'><strong>Διῒ</strong></span> <span class='ocrx_word' id='word_1_170' title='bbox 548 1974 687 2034; x_wconf 76' lang='grc' dir='ltr'><strong><em>Χθονίαν</em></strong></span> <span class='ocrx_word' id='word_1_171' title='bbox 706 1977 764 2054; x_wconf 81' lang='grc' dir='ltr'><strong>Γήι</strong></span> <span class='ocrx_word' id='word_1_172' title='bbox 777 1975 912 2054; x_wconf 79' lang='grc' dir='ltr'><strong><em>Χθονίιμ</em></strong></span> <span class='ocrx_word' id='word_1_173' title='bbox 935 1995 1019 2037; x_wconf 75' lang='grc' dir='ltr'><strong><em>τουτο</em></strong></span> <span class='ocrx_word' id='word_1_174' title='bbox 1042 1977 1202 2054; x_wconf 86' lang='lat' dir='ltr'><strong>faciebant,</strong></span> <span class='ocrx_word' id='word_1_175' title='bbox 1224 1979 1397 2057; x_wconf 86' lang='lat' dir='ltr'><strong>peregrinos</strong></span> <span class='ocrx_word' id='word_1_176' title='bbox 1417 1977 1618 2056; x_wconf 85' lang='lat' dir='ltr'><strong>prohibebant</strong></span> 
     </span>
     <span class='ocr_line' id='line_1_18' title="bbox 303 2064 697 2154; baseline 0.003 -24"><span class='ocrx_word' id='word_1_177' title='bbox 303 2064 405 2152; x_wconf 87' lang='lat' dir='ltr'><strong>(Prott</strong></span> <span class='ocrx_word' id='word_1_178' title='bbox 427 2072 514 2132; x_wconf 84' lang='lat' dir='ltr'><strong>Fasti</strong></span> <span class='ocrx_word' id='word_1_179' title='bbox 538 2075 558 2130; x_wconf 88' lang='lat'>4</span> <span class='ocrx_word' id='word_1_180' title='bbox 581 2092 610 2131; x_wconf 82' lang='lat' dir='ltr'><strong>r.</strong></span> <span class='ocrx_word' id='word_1_181' title='bbox 632 2065 697 2154; x_wconf 77' lang='lat'>25).</span> 
     </span>
    </p>

    <p class='ocr_par' dir='ltr' id='par_1_6' title="bbox 301 2167 1617 2448">
     <span class='ocr_line' id='line_1_19' title="bbox 391 2167 1617 2253; baseline 0.004 -24"><span class='ocrx_word' id='word_1_182' title='bbox 391 2170 427 2228; x_wconf 86' lang='lat' dir='ltr'><strong>V.</strong></span> <span class='ocrx_word' id='word_1_183' title='bbox 445 2174 483 2229; x_wconf 90' lang='lat'><strong>11</strong></span> <span class='ocrx_word' id='word_1_184' title='bbox 511 2167 585 2249; x_wconf 82' lang='grc' dir='ltr'><strong><em>μηδὲ</em></strong></span> <span class='ocrx_word' id='word_1_185' title='bbox 607 2169 738 2251; x_wconf 77' lang='grc' dir='ltr'><strong><em>μόλλοιςι</em></strong></span> <span class='ocrx_word' id='word_1_186' title='bbox 762 2171 942 2232; x_wconf 86' lang='lat' dir='ltr'><strong>sacrificulos</strong></span> <span class='ocrx_word' id='word_1_187' title='bbox 965 2173 1135 2234; x_wconf 87' lang='lat' dir='ltr'><strong>decurtatos</strong></span> <span class='ocrx_word' id='word_1_188' title='bbox 1157 2175 1285 2253; x_wconf 80' lang='lat' dir='ltr'><strong>Magnae</strong></span> <span class='ocrx_word' id='word_1_189' title='bbox 1306 2175 1413 2234; x_wconf 73' lang='lat' dir='ltr'><strong>Matris</strong></span> <span class='ocrx_word' id='word_1_190' title='bbox 1436 2176 1494 2234; x_wconf 88' lang='lat' dir='ltr'><strong>etsi</strong></span> <span class='ocrx_word' id='word_1_191' title='bbox 1516 2172 1617 2251; x_wconf 77' lang='lat' dir='ltr'><strong>plebe</strong></span> 
     </span>
     <span class='ocr_line' id='line_1_20' title="bbox 301 2265 1617 2348; baseline 0.003 -20"><span class='ocrx_word' id='word_1_192' title='bbox 301 2268 370 2328; x_wconf 86' lang='lat' dir='ltr'><strong>cula</strong></span> <span class='ocrx_word' id='word_1_193' title='bbox 394 2268 571 2344; x_wconf 84' lang='lat' dir='ltr'><strong>sectabatur,</strong></span> <span class='ocrx_word' id='word_1_194' title='bbox 595 2269 709 2328; x_wconf 86' lang='lat' dir='ltr'><strong>civibus</strong></span> <span class='ocrx_word' id='word_1_195' title='bbox 731 2271 863 2330; x_wconf 82' lang='lat' dir='ltr'><strong>honestis</strong></span> <span class='ocrx_word' id='word_1_196' title='bbox 887 2271 1071 2348; x_wconf 87' lang='lat' dir='ltr'><strong>contemptui</strong></span> <span class='ocrx_word' id='word_1_197' title='bbox 1093 2273 1185 2332; x_wconf 74' lang='lat' dir='ltr'><strong>fuisse</strong></span> <span class='ocrx_word' id='word_1_198' title='bbox 1208 2265 1382 2348; x_wconf 71' lang='lat' dir='ltr'><strong>constat”),</strong></span> <span class='ocrx_word' id='word_1_199' title='bbox 1404 2273 1454 2332; x_wconf 91' lang='lat' dir='ltr'><strong>hic</strong></span> <span class='ocrx_word' id='word_1_200' title='bbox 1472 2274 1521 2332; x_wconf 84' lang='lat' dir='ltr'><strong>vel</strong></span> <span class='ocrx_word' id='word_1_201' title='bbox 1544 2273 1617 2333; x_wconf 86' lang='lat' dir='ltr'><strong>lano</strong></span> 
     </span>
     <span class='ocr_line' id='line_1_21' title="bbox 301 2366 1615 2448; baseline 0.004 -23"><span class='ocrx_word' id='word_1_202' title='bbox 301 2366 453 2444; x_wconf 84' lang='lat' dir='ltr'><strong>prohiberi</strong></span> <span class='ocrx_word' id='word_1_203' title='bbox 475 2369 583 2428; x_wconf 85' lang='lat' dir='ltr'><strong>notatu</strong></span> <span class='ocrx_word' id='word_1_204' title='bbox 601 2367 689 2426; x_wconf 83' lang='lat' dir='ltr'><strong>ualde</strong></span> <span class='ocrx_word' id='word_1_205' title='bbox 712 2367 836 2446; x_wconf 91' lang='lat' dir='ltr'><strong>dignum</strong></span> <span class='ocrx_word' id='word_1_206' title='bbox 859 2372 912 2428; x_wconf 85' lang='lat' dir='ltr'><strong>est.</strong></span> <span class='ocrx_word' id='word_1_207' title='bbox 935 2399 973 2410; x_wconf 89' lang='lat'><em>-</em></span> <span class='ocrx_word' id='word_1_208' title='bbox 994 2368 1150 2448; x_wconf 79' lang='grc' dir='ltr'><strong><em>μαλλοίζην,</em></strong></span> <span class='ocrx_word' id='word_1_209' title='bbox 1175 2369 1254 2446; x_wconf 91' lang='lat' dir='ltr'><strong>quod</strong></span> <span class='ocrx_word' id='word_1_210' title='bbox 1271 2369 1395 2430; x_wconf 87' lang='lat' dir='ltr'><strong>verbum</strong></span> <span class='ocrx_word' id='word_1_211' title='bbox 1417 2371 1466 2429; x_wconf 89' lang='lat' dir='ltr'><strong>hic</strong></span> <span class='ocrx_word' id='word_1_212' title='bbox 1483 2371 1615 2447; x_wconf 84' lang='lat' dir='ltr'><strong>primurn</strong></span> 
     </span>
    </p>
   </div>
   <div class='ocr_carea' id='block_1_5' title="bbox 298 2464 1619 2646">
    <p class='ocr_par' dir='ltr' id='par_1_7' title="bbox 298 2464 1619 2646">
     <span class='ocr_line' id='line_1_22' title="bbox 302 2464 1617 2544; baseline 0.003 -20"><span class='ocrx_word' id='word_1_213' title='bbox 302 2466 452 2541; x_wconf 82' lang='lat' dir='ltr'><strong>apparuit,</strong></span> <span class='ocrx_word' id='word_1_214' title='bbox 471 2464 507 2522; x_wconf 90' lang='lat' dir='ltr'><strong>de</strong></span> <span class='ocrx_word' id='word_1_215' title='bbox 525 2464 700 2524; x_wconf 87' lang='lat' dir='ltr'><strong>mulieribus</strong></span> <span class='ocrx_word' id='word_1_216' title='bbox 718 2469 895 2542; x_wconf 85' lang='lat' dir='ltr'><strong>usurpatum</strong></span> <span class='ocrx_word' id='word_1_217' title='bbox 913 2467 1103 2526; x_wconf 88' lang='lat' dir='ltr'><strong>Kretschmer</strong></span> <span class='ocrx_word' id='word_1_218' title='bbox 1121 2469 1195 2527; x_wconf 85' lang='lat' dir='ltr'><strong>scite</strong></span> <span class='ocrx_word' id='word_1_219' title='bbox 1214 2470 1399 2544; x_wconf 82' lang='lat' dir='ltr'><strong>comparavit</strong></span> <span class='ocrx_word' id='word_1_220' title='bbox 1417 2489 1486 2529; x_wconf 93' lang='lat' dir='ltr'><strong>cum</strong></span> <span class='ocrx_word' id='word_1_221' title='bbox 1504 2469 1617 2528; x_wconf 86' lang='lat' dir='ltr'><strong>Latino</strong></span> 
     </span>
     <span class='ocr_line' id='line_1_23' title="bbox 298 2553 1619 2646; baseline 0.004 -24"><span class='ocrx_word' id='word_1_222' title='bbox 298 2561 413 2637; x_wconf 71' lang='lat' dir='ltr'><strong>pallore</strong></span> <span class='ocrx_word' id='word_1_223' title='bbox 432 2553 532 2643; x_wconf 84' lang='lat' dir='ltr'><strong>(Varr.</strong></span> <span class='ocrx_word' id='word_1_224' title='bbox 548 2561 609 2622; x_wconf 82' lang='lat' dir='ltr'><strong>Sat.</strong></span> <span class='ocrx_word' id='word_1_225' title='bbox 628 2563 705 2622; x_wconf 88' lang='lat' dir='ltr'><strong>Men.</strong></span> <span class='ocrx_word' id='word_1_226' title='bbox 725 2563 811 2622; x_wconf 82' lang='lat' dir='ltr'><strong>Eum.</strong></span> <span class='ocrx_word' id='word_1_227' title='bbox 833 2565 869 2624; x_wconf 84' lang='lat' dir='ltr'><strong>fr.</strong></span> <span class='ocrx_word' id='word_1_228' title='bbox 886 2567 928 2624; x_wconf 83' lang='lat'><strong>34</strong></span> <span class='ocrx_word' id='word_1_229' title='bbox 947 2567 978 2624; x_wconf 92' lang='lat' dir='ltr'><strong>et</strong></span> <span class='ocrx_word' id='word_1_230' title='bbox 997 2567 1038 2626; x_wconf 87' lang='lat'><strong>39</strong></span> <span class='ocrx_word' id='word_1_231' title='bbox 1049 2557 1100 2646; x_wconf 82' lang='lat' dir='ltr'><strong>R),</strong></span> <span class='ocrx_word' id='word_1_232' title='bbox 1124 2567 1204 2641; x_wconf 91' lang='lat' dir='ltr'><strong>quod</strong></span> <span class='ocrx_word' id='word_1_233' title='bbox 1220 2565 1338 2626; x_wconf 88' lang='lat' dir='ltr'><strong>Nonius</strong></span> <span class='ocrx_word' id='word_1_234' title='bbox 1360 2567 1451 2626; x_wconf 81' lang='lat' dir='ltr'><strong>verbo</strong></span> <span class='ocrx_word' id='word_1_235' title='bbox 1475 2569 1619 2628; x_wconf 71' lang='lat' dir='ltr'><strong>bacchate</strong></span> 
     </span>
    </p>
   </div>
   <div class='ocr_carea' id='block_1_6' title="bbox 301 2659 1705 2840">
    <p class='ocr_par' dir='ltr' id='par_1_8' title="bbox 301 2659 1705 2840">
     <span class='ocr_line' id='line_1_24' title="bbox 301 2659 1705 2742; baseline 0.003 -22"><span class='ocrx_word' id='word_1_236' title='bbox 301 2661 525 2737; x_wconf 88' lang='lat' dir='ltr'><strong>interpretatur.</strong></span> <span class='ocrx_word' id='word_1_237' title='bbox 559 2659 697 2721; x_wconf 86' lang='lat' dir='ltr'><strong>Ceterum</strong></span> <span class='ocrx_word' id='word_1_238' title='bbox 712 2662 769 2721; x_wconf 92' lang='lat' dir='ltr'><strong>hoc</strong></span> <span class='ocrx_word' id='word_1_239' title='bbox 787 2662 823 2720; x_wconf 90' lang='lat' dir='ltr'><strong>de</strong></span> <span class='ocrx_word' id='word_1_240' title='bbox 842 2663 931 2742; x_wconf 91' lang='lat' dir='ltr'><strong>gallis</strong></span> <span class='ocrx_word' id='word_1_241' title='bbox 945 2663 1178 2740; x_wconf 87' lang='lat' dir='ltr'><strong>mulieribusque</strong></span> <span class='ocrx_word' id='word_1_242' title='bbox 1196 2664 1409 2724; x_wconf 88' lang='lat' dir='ltr'><strong>bacchantibus</strong></span> <span class='ocrx_word' id='word_1_243' title='bbox 1424 2669 1618 2742; x_wconf 86' lang='lat' dir='ltr'><strong>praeceptum</strong></span> <span class='ocrx_word' id='word_1_244' title='bbox 1704 2737 1705 2742; x_wconf 8' lang='grc' dir='ltr'><strong><em>ρ</em></strong></span> 
     </span>
     <span class='ocr_line' id='line_1_25' title="bbox 301 2758 1705 2840; baseline 0.003 -22"><span class='ocrx_word' id='word_1_245' title='bbox 301 2760 353 2818; x_wconf 82' lang='lat' dir='ltr'><strong>uix</strong></span> <span class='ocrx_word' id='word_1_246' title='bbox 381 2759 452 2818; x_wconf 86' lang='lat' dir='ltr'><strong>huic</strong></span> <span class='ocrx_word' id='word_1_247' title='bbox 477 2758 538 2838; x_wconf 88' lang='lat' dir='ltr'><strong>legi</strong></span> <span class='ocrx_word' id='word_1_248' title='bbox 569 2761 714 2818; x_wconf 88' lang='lat' dir='ltr'><strong>insertum</strong></span> <span class='ocrx_word' id='word_1_249' title='bbox 745 2763 835 2834; x_wconf 88' lang='lat' dir='ltr'><strong>esset,</strong></span> <span class='ocrx_word' id='word_1_250' title='bbox 867 2762 925 2821; x_wconf 89' lang='lat' dir='ltr'><strong>nisi</strong></span> <span class='ocrx_word' id='word_1_251' title='bbox 947 2762 1075 2840; x_wconf 87' lang='lat' dir='ltr'><strong>Magnae</strong></span> <span class='ocrx_word' id='word_1_252' title='bbox 1097 2762 1205 2823; x_wconf 88' lang='lat' dir='ltr'><strong>Matris</strong></span> <span class='ocrx_word' id='word_1_253' title='bbox 1231 2781 1316 2822; x_wconf 90' lang='lat' dir='ltr'><strong>sacra</strong></span> <span class='ocrx_word' id='word_1_254' title='bbox 1343 2763 1374 2822; x_wconf 88' lang='lat' dir='ltr'><strong>in</strong></span> <span class='ocrx_word' id='word_1_255' title='bbox 1398 2763 1496 2823; x_wconf 91' lang='lat' dir='ltr'><strong>insula</strong></span> <span class='ocrx_word' id='word_1_256' title='bbox 1519 2763 1617 2824; x_wconf 86' lang='lat' dir='ltr'><strong>Lesbo</strong></span> <span class='ocrx_word' id='word_1_257' title='bbox 1704 2767 1705 2778; x_wconf 59' lang='lat'>¹</span> 
     </span>
    </p>
   </div>
   <div class='ocr_carea' id='block_1_7' title="bbox 300 2857 879 2936">
    <p class='ocr_par' dir='ltr' id='par_1_9' title="bbox 300 2857 879 2936">
     <span class='ocr_line' id='line_1_26' title="bbox 300 2857 879 2936; baseline 0.005 -21"><span class='ocrx_word' id='word_1_258' title='bbox 300 2875 411 2936; x_wconf 84' lang='lat' dir='ltr'><strong>magno</strong></span> <span class='ocrx_word' id='word_1_259' title='bbox 434 2875 577 2918; x_wconf 85' lang='lat' dir='ltr'><strong>concursu</strong></span> <span class='ocrx_word' id='word_1_260' title='bbox 601 2857 751 2918; x_wconf 88' lang='lat' dir='ltr'><strong>celebrata</strong></span> <span class='ocrx_word' id='word_1_261' title='bbox 774 2863 879 2918; x_wconf 86' lang='lat' dir='ltr'><strong>essent.</strong></span> 
     </span>
    </p>
   </div>
   <div class='ocr_carea' id='block_1_8' title="bbox 300 2959 1617 3438">
    <p class='ocr_par' dir='ltr' id='par_1_10' title="bbox 300 2959 1617 3438">
     <span class='ocr_line' id='line_1_27' title="bbox 390 2959 1616 3046; baseline 0.005 -24"><span class='ocrx_word' id='word_1_262' title='bbox 390 2963 426 3022; x_wconf 88' lang='lat' dir='ltr'><strong>V.</strong></span> <span class='ocrx_word' id='word_1_263' title='bbox 457 2966 498 3023; x_wconf 87' lang='grc'><strong>14</strong></span> <span class='ocrx_word' id='word_1_264' title='bbox 536 2959 610 3042; x_wconf 80' lang='grc' dir='ltr'><strong><em>μηδὲ</em></strong></span> <span class='ocrx_word' id='word_1_265' title='bbox 647 2964 825 3024; x_wconf 76' lang='grc' dir='ltr'><strong><em>θνασίδιονι</em></strong></span> <span class='ocrx_word' id='word_1_266' title='bbox 862 2967 898 3026; x_wconf 91' lang='lat' dir='ltr'><strong>de</strong></span> <span class='ocrx_word' id='word_1_267' title='bbox 936 2966 1039 3026; x_wconf 88' lang='lat' dir='ltr'><strong>eadem</strong></span> <span class='ocrx_word' id='word_1_268' title='bbox 1075 2969 1155 3044; x_wconf 91' lang='lat' dir='ltr'><strong>apud</strong></span> <span class='ocrx_word' id='word_1_269' title='bbox 1187 2968 1337 3028; x_wconf 88' lang='lat' dir='ltr'><strong>Romanos</strong></span> <span class='ocrx_word' id='word_1_270' title='bbox 1373 2969 1518 3046; x_wconf 89' lang='lat' dir='ltr'><strong>religione</strong></span> <span class='ocrx_word' id='word_1_271' title='bbox 1554 2969 1616 3028; x_wconf 84' lang='lat' dir='ltr'><strong>vid.</strong></span> 
     </span>
     <span class='ocr_line' id='line_1_28' title="bbox 301 3061 1615 3143; baseline 0.005 -22"><span class='ocrx_word' id='word_1_272' title='bbox 301 3081 401 3138; x_wconf 87' lang='lat' dir='ltr'><strong>supra.</strong></span> <span class='ocrx_word' id='word_1_273' title='bbox 447 3061 607 3122; x_wconf 87' lang='lat' dir='ltr'><strong>Praeterea</strong></span> <span class='ocrx_word' id='word_1_274' title='bbox 633 3061 685 3122; x_wconf 87' lang='lat' dir='ltr'><strong>Kr.</strong></span> <span class='ocrx_word' id='word_1_275' title='bbox 708 3065 894 3138; x_wconf 84' lang='lat' dir='ltr'><strong>comparavit</strong></span> <span class='ocrx_word' id='word_1_276' title='bbox 921 3063 1007 3125; x_wconf 86' lang='lat' dir='ltr'><strong>Pons.</strong></span> <span class='ocrx_word' id='word_1_277' title='bbox 1030 3065 1164 3139; x_wconf 80' lang='lat'><strong>1127,1</strong></span> <span class='ocrx_word' id='word_1_278' title='bbox 1196 3062 1265 3126; x_wconf 77' lang='grc' dir='ltr'><strong><em>οὐδὲ</em></strong></span> <span class='ocrx_word' id='word_1_279' title='bbox 1293 3062 1542 3143; x_wconf 75' lang='grc' dir='ltr'><strong><em>ἀποθνήσκουσιν</em></strong></span> <span class='ocrx_word' id='word_1_280' title='bbox 1572 3101 1615 3109; x_wconf 95' lang='grc'>-</span> 
     </span>
     <span class='ocr_line' id='line_1_29' title="bbox 301 3152 1617 3248; baseline 0.004 -29"><span class='ocrx_word' id='word_1_281' title='bbox 301 3193 343 3202; x_wconf 92' lang='grc'>-</span> <span class='ocrx_word' id='word_1_282' title='bbox 369 3157 452 3232; x_wconf 76' lang='grc' dir='ltr'><strong><em>ἐντὸς</em></strong></span> <span class='ocrx_word' id='word_1_283' title='bbox 479 3168 532 3220; x_wconf 80' lang='grc' dir='ltr'><strong>τοῦ</strong></span> <span class='ocrx_word' id='word_1_284' title='bbox 559 3159 718 3240; x_wconf 71' lang='grc' dir='ltr'><strong><em>περιβόλου</em></strong></span> <span class='ocrx_word' id='word_1_285' title='bbox 746 3152 932 3243; x_wconf 77' lang='lat' dir='ltr'><strong>(Epidaurii)</strong></span> <span class='ocrx_word' id='word_1_286' title='bbox 960 3160 1042 3221; x_wconf 78' lang='grc' dir='ltr'><strong><em>καθὰ</em></strong></span> <span class='ocrx_word' id='word_1_287' title='bbox 1074 3161 1124 3222; x_wconf 80' lang='grc' dir='ltr'><strong>καί</strong></span> <span class='ocrx_word' id='word_1_288' title='bbox 1156 3160 1204 3223; x_wconf 73' lang='grc' dir='ltr'><strong>ἐπὶ</strong></span> <span class='ocrx_word' id='word_1_289' title='bbox 1231 3163 1321 3247; x_wconf 72' lang='grc' dir='ltr'><strong><em>Δήλῳ</em></strong></span> <span class='ocrx_word' id='word_1_290' title='bbox 1349 3171 1384 3247; x_wconf 77' lang='grc' dir='ltr'><strong><em>τῇ</em></strong></span> <span class='ocrx_word' id='word_1_291' title='bbox 1413 3163 1503 3248; x_wconf 78' lang='grc' dir='ltr'><strong><em>νήσῳ.</em></strong></span> <span class='ocrx_word' id='word_1_292' title='bbox 1556 3165 1617 3224; x_wconf 81' lang='lat' dir='ltr'><strong>Sed</strong></span> 
     </span>
     <span class='ocr_line' id='line_1_30' title="bbox 300 3257 1616 3341; baseline 0.006 -26"><span class='ocrx_word' id='word_1_293' title='bbox 300 3257 378 3318; x_wconf 89' lang='lat' dir='ltr'><strong>hanc</strong></span> <span class='ocrx_word' id='word_1_294' title='bbox 400 3259 497 3336; x_wconf 89' lang='lat' dir='ltr'><strong>legem</strong></span> <span class='ocrx_word' id='word_1_295' title='bbox 524 3259 620 3317; x_wconf 91' lang='lat' dir='ltr'><strong>multo</strong></span> <span class='ocrx_word' id='word_1_296' title='bbox 648 3259 740 3319; x_wconf 87' lang='lat' dir='ltr'><strong>latius</strong></span> <span class='ocrx_word' id='word_1_297' title='bbox 766 3263 868 3336; x_wconf 87' lang='lat' dir='ltr'><strong>patere</strong></span> <span class='ocrx_word' id='word_1_298' title='bbox 896 3261 1010 3320; x_wconf 87' lang='lat' dir='ltr'><strong>clarum</strong></span> <span class='ocrx_word' id='word_1_299' title='bbox 1038 3265 1091 3336; x_wconf 87' lang='lat' dir='ltr'><strong>est,</strong></span> <span class='ocrx_word' id='word_1_300' title='bbox 1119 3262 1202 3321; x_wconf 85' lang='lat' dir='ltr'><strong>velut</strong></span> <span class='ocrx_word' id='word_1_301' title='bbox 1229 3281 1264 3321; x_wconf 86' lang='lat' dir='ltr'><strong>ex</strong></span> <span class='ocrx_word' id='word_1_302' title='bbox 1291 3263 1347 3321; x_wconf 87' lang='lat' dir='ltr'><strong>hac</strong></span> <span class='ocrx_word' id='word_1_303' title='bbox 1373 3265 1441 3340; x_wconf 90' lang='lat' dir='ltr'><strong>ipsa</strong></span> <span class='ocrx_word' id='word_1_304' title='bbox 1468 3263 1616 3341; x_wconf 79' lang='lat' dir='ltr'><strong>religione</strong></span> 
     </span>
     <span class='ocr_line' id='line_1_31' title="bbox 300 3356 1617 3438; baseline 0.005 -24"><span class='ocrx_word' id='word_1_305' title='bbox 300 3356 452 3416; x_wconf 85' lang='lat' dir='ltr'><strong>morticini</strong></span> <span class='ocrx_word' id='word_1_306' title='bbox 480 3356 602 3415; x_wconf 90' lang='lat' dir='ltr'><strong>ductum</strong></span> <span class='ocrx_word' id='word_1_307' title='bbox 630 3375 692 3416; x_wconf 88' lang='lat' dir='ltr'><strong>esse</strong></span> <span class='ocrx_word' id='word_1_308' title='bbox 720 3357 752 3416; x_wconf 93' lang='lat' dir='ltr'><strong>id</strong></span> <span class='ocrx_word' id='word_1_309' title='bbox 778 3358 856 3434; x_wconf 89' lang='lat' dir='ltr'><strong>quod</strong></span> <span class='ocrx_word' id='word_1_310' title='bbox 886 3358 1022 3435; x_wconf 84' lang='lat' dir='ltr'><strong>sequitur</strong></span> <span class='ocrx_word' id='word_1_311' title='bbox 1044 3363 1236 3437; x_wconf 88' lang='lat' dir='ltr'><strong>praeceptum</strong></span> <span class='ocrx_word' id='word_1_312' title='bbox 1259 3381 1286 3418; x_wconf 84' lang='lat' dir='ltr'><strong>u.</strong></span> <span class='ocrx_word' id='word_1_313' title='bbox 1308 3361 1348 3418; x_wconf 79' lang='lat'><strong>17</strong></span> <span class='ocrx_word' id='word_1_314' title='bbox 1373 3357 1447 3438; x_wconf 75' lang='grc' dir='ltr'><strong><em>μηδὲ</em></strong></span> <span class='ocrx_word' id='word_1_315' title='bbox 1470 3359 1617 3422; x_wconf 77' lang='grc' dir='ltr'><strong><em>ὑπόδεσιν</em></strong></span> 
     </span>
    </p>
   </div>
   <div class='ocr_carea' id='block_1_9' title="bbox 300 3451 1616 3734">
    <p class='ocr_par' dir='ltr' id='par_1_11' title="bbox 300 3451 1616 3734">
     <span class='ocr_line' id='line_1_32' title="bbox 301 3451 1616 3541; baseline 0.005 -28"><span class='ocrx_word' id='word_1_316' title='bbox 301 3451 375 3532; x_wconf 84' lang='grc' dir='ltr'><strong><em>μηδὲ</em></strong></span> <span class='ocrx_word' id='word_1_317' title='bbox 399 3451 469 3514; x_wconf 88' lang='grc' dir='ltr'><strong><em>όίλλο</em></strong></span> <span class='ocrx_word' id='word_1_318' title='bbox 493 3451 585 3532; x_wconf 81' lang='grc' dir='ltr'><strong><em>δέρμα</em></strong></span> <span class='ocrx_word' id='word_1_319' title='bbox 608 3452 701 3532; x_wconf 81' lang='grc' dir='ltr'><strong><em>μηδέν</em></strong></span> <span class='ocrx_word' id='word_1_320' title='bbox 724 3457 788 3530; x_wconf 92' lang='lat' dir='ltr'><strong>ipse</strong></span> <span class='ocrx_word' id='word_1_321' title='bbox 802 3454 993 3516; x_wconf 88' lang='lat' dir='ltr'><strong>Kretschmer</strong></span> <span class='ocrx_word' id='word_1_322' title='bbox 1011 3458 1153 3535; x_wconf 87' lang='lat' dir='ltr'><strong>exemplis</strong></span> <span class='ocrx_word' id='word_1_323' title='bbox 1167 3458 1309 3517; x_wconf 83' lang='lat' dir='ltr'><strong>Romanis</strong></span> <span class='ocrx_word' id='word_1_324' title='bbox 1327 3452 1518 3541; x_wconf 66' lang='lat' dir='ltr'><strong>probavitfl)</strong></span> <span class='ocrx_word' id='word_1_325' title='bbox 1550 3460 1616 3519; x_wconf 85' lang='lat' dir='ltr'><strong>Nec</strong></span> 
     </span>
     <span class='ocr_line' id='line_1_33' title="bbox 300 3552 1616 3633; baseline 0.003 -20"><span class='ocrx_word' id='word_1_326' title='bbox 300 3557 401 3613; x_wconf 76' lang='grc' dir='ltr'><strong><em>λιιιιιοιι</em></strong></span> <span class='ocrx_word' id='word_1_327' title='bbox 429 3554 553 3629; x_wconf 87' lang='lat' dir='ltr'><strong>propter</strong></span> <span class='ocrx_word' id='word_1_328' title='bbox 579 3552 656 3612; x_wconf 86' lang='lat' dir='ltr'><strong>hanc</strong></span> <span class='ocrx_word' id='word_1_329' title='bbox 679 3553 814 3612; x_wconf 76' lang='lat' dir='ltr'><strong>Erosium</strong></span> <span class='ocrx_word' id='word_1_330' title='bbox 841 3555 938 3630; x_wconf 86' lang='lat' dir='ltr'><strong>legem</strong></span> <span class='ocrx_word' id='word_1_331' title='bbox 965 3554 1026 3613; x_wconf 91' lang='lat' dir='ltr'><strong>iam</strong></span> <span class='ocrx_word' id='word_1_332' title='bbox 1054 3555 1191 3616; x_wconf 93' lang='lat' dir='ltr'><strong>omnibus</strong></span> <span class='ocrx_word' id='word_1_333' title='bbox 1223 3555 1354 3633; x_wconf 87' lang='lat' dir='ltr'><strong>legibus,</strong></span> <span class='ocrx_word' id='word_1_334' title='bbox 1386 3557 1495 3632; x_wconf 91' lang='lat' dir='ltr'><strong>quibus</strong></span> <span class='ocrx_word' id='word_1_335' title='bbox 1525 3558 1616 3617; x_wconf 86' lang='lat' dir='ltr'><strong>soleis</strong></span> 
     </span>
     <span class='ocr_line' id='line_1_34' title="bbox 300 3649 1616 3734; baseline 0.003 -24"><span class='ocrx_word' id='word_1_336' title='bbox 300 3650 407 3727; x_wconf 87' lang='lat' dir='ltr'><strong>positis</strong></span> <span class='ocrx_word' id='word_1_337' title='bbox 431 3651 535 3709; x_wconf 87' lang='lat' dir='ltr'><strong>fanum</strong></span> <span class='ocrx_word' id='word_1_338' title='bbox 558 3649 635 3708; x_wconf 89' lang='lat' dir='ltr'><strong>adiri</strong></span> <span class='ocrx_word' id='word_1_339' title='bbox 658 3649 791 3728; x_wconf 85' lang='lat' dir='ltr'><strong>iubetur,</strong></span> <span class='ocrx_word' id='word_1_340' title='bbox 815 3651 931 3730; x_wconf 85' lang='lat' dir='ltr'><strong>origine</strong></span> <span class='ocrx_word' id='word_1_341' title='bbox 954 3651 1077 3712; x_wconf 88' lang='lat' dir='ltr'><strong>eandem</strong></span> <span class='ocrx_word' id='word_1_342' title='bbox 1099 3654 1273 3734; x_wconf 88' lang='lat' dir='ltr'><strong>religionem</strong></span> <span class='ocrx_word' id='word_1_343' title='bbox 1297 3655 1415 3714; x_wconf 86' lang='lat' dir='ltr'><strong>subesse</strong></span> <span class='ocrx_word' id='word_1_344' title='bbox 1438 3655 1616 3714; x_wconf 85' lang='lat' dir='ltr'><strong>concludere</strong></span> 
     </span>
    </p>
   </div>
   <div class='ocr_carea' id='block_1_10' title="bbox 299 3787 515 3799">
    <p class='ocr_par' dir='ltr' id='par_1_12' title="bbox 299 3787 515 3799">
     <span class='ocr_line' id='line_1_35' title="bbox 299 3787 515 3799; baseline -0.009 -2"><span class='ocrx_word' id='word_1_345' title='bbox 299 3787 515 3799; x_wconf 69' lang='lat'>———-—=</span> 
     </span>
    </p>
   </div>
   <div class='ocr_carea' id='block_1_11' title="bbox 299 3880 1617 5004">
    <p class='ocr_par' dir='ltr' id='par_1_13' title="bbox 300 3880 1617 4115">
     <span class='ocr_line' id='line_1_36' title="bbox 300 3880 1617 3955; baseline 0.004 -18"><span class='ocrx_word' id='word_1_346' title='bbox 300 3883 381 3953; x_wconf 89' lang='lat' dir='ltr'><strong>pueri</strong></span> <span class='ocrx_word' id='word_1_347' title='bbox 399 3881 496 3949; x_wconf 88' lang='lat' dir='ltr'><strong>inique</strong></span> <span class='ocrx_word' id='word_1_348' title='bbox 516 3880 752 3951; x_wconf 84' lang='lat' dir='ltr'><strong>distinguentium</strong></span> <span class='ocrx_word' id='word_1_349' title='bbox 766 3883 850 3952; x_wconf 82' lang='lat' dir='ltr'><strong>(Mea.</strong></span> <span class='ocrx_word' id='word_1_350' title='bbox 861 3881 900 3936; x_wconf 90' lang='grc' dir='ltr'><strong>ΠΙ</strong></span> <span class='ocrx_word' id='word_1_351' title='bbox 915 3889 957 3948; x_wconf 77' lang='lat'><strong>12,</strong></span> <span class='ocrx_word' id='word_1_352' title='bbox 967 3887 1048 3955; x_wconf 72' lang='lat' dir='ltr'><strong>i-b)</strong></span> <span class='ocrx_word' id='word_1_353' title='bbox 1068 3887 1097 3939; x_wconf 89' lang='lat' dir='ltr'><strong>et</strong></span> <span class='ocrx_word' id='word_1_354' title='bbox 1114 3885 1216 3940; x_wconf 90' lang='lat' dir='ltr'><strong>Patoni</strong></span> <span class='ocrx_word' id='word_1_355' title='bbox 1235 3889 1264 3940; x_wconf 90' lang='lat' dir='ltr'><strong>et</strong></span> <span class='ocrx_word' id='word_1_356' title='bbox 1277 3885 1473 3942; x_wconf 84' lang='lat' dir='ltr'><strong>Kretschmero</strong></span> <span class='ocrx_word' id='word_1_357' title='bbox 1492 3889 1521 3941; x_wconf 92' lang='lat' dir='ltr'><strong>in</strong></span> <span class='ocrx_word' id='word_1_358' title='bbox 1536 3905 1617 3942; x_wconf 90' lang='lat' dir='ltr'><strong>men-</strong></span> 
     </span>
     <span class='ocr_line' id='line_1_37' title="bbox 300 3960 1615 4038; baseline 0.003 -20"><span class='ocrx_word' id='word_1_359' title='bbox 300 3965 358 4018; x_wconf 82' lang='lat' dir='ltr'><strong>tem</strong></span> <span class='ocrx_word' id='word_1_360' title='bbox 380 3961 472 4029; x_wconf 82' lang='lat' dir='ltr'><strong>venit,</strong></span> <span class='ocrx_word' id='word_1_361' title='bbox 499 3960 549 4016; x_wconf 84' lang='lat' dir='ltr'><strong>sed</strong></span> <span class='ocrx_word' id='word_1_362' title='bbox 573 3963 602 4016; x_wconf 89' lang='lat' dir='ltr'><strong>et</strong></span> <span class='ocrx_word' id='word_1_363' title='bbox 624 3963 685 4016; x_wconf 85' lang='lat' dir='ltr'><strong>eius</strong></span> <span class='ocrx_word' id='word_1_364' title='bbox 707 3962 785 4016; x_wconf 91' lang='lat' dir='ltr'><strong>modi</strong></span> <span class='ocrx_word' id='word_1_365' title='bbox 807 3967 959 4033; x_wconf 84' lang='lat' dir='ltr'><strong>praecepto</strong></span> <span class='ocrx_word' id='word_1_366' title='bbox 983 3965 1130 4033; x_wconf 85' lang='lat' dir='ltr'><strong>augustias</strong></span> <span class='ocrx_word' id='word_1_367' title='bbox 1152 3965 1272 4020; x_wconf 87' lang='lat' dir='ltr'><strong>lacunae</strong></span> <span class='ocrx_word' id='word_1_368' title='bbox 1292 3983 1450 4038; x_wconf 84' lang='lat' dir='ltr'><strong>repugnare</strong></span> <span class='ocrx_word' id='word_1_369' title='bbox 1473 3969 1528 4037; x_wconf 87' lang='lat' dir='ltr'><strong>ipsi</strong></span> <span class='ocrx_word' id='word_1_370' title='bbox 1547 3985 1615 4022; x_wconf 85' lang='lat' dir='ltr'><strong>con·</strong></span> 
     </span>
     <span class='ocr_line' id='line_1_38' title="bbox 301 4042 1272 4115; baseline 0.004 -18"><span class='ocrx_word' id='word_1_371' title='bbox 301 4043 405 4098; x_wconf 87' lang='lat' dir='ltr'><strong>cedunt</strong></span> <span class='ocrx_word' id='word_1_372' title='bbox 422 4058 515 4110; x_wconf 86' lang='lat' dir='ltr'><strong>neque</strong></span> <span class='ocrx_word' id='word_1_373' title='bbox 534 4042 647 4096; x_wconf 88' lang='lat' dir='ltr'><strong>omuino</strong></span> <span class='ocrx_word' id='word_1_374' title='bbox 666 4042 696 4096; x_wconf 93' lang='lat' dir='ltr'><strong>in</strong></span> <span class='ocrx_word' id='word_1_375' title='bbox 716 4042 823 4097; x_wconf 79' lang='lat' dir='ltr'><strong>Graeca</strong></span> <span class='ocrx_word' id='word_1_376' title='bbox 840 4043 904 4114; x_wconf 89' lang='lat' dir='ltr'><strong>lege</strong></span> <span class='ocrx_word' id='word_1_377' title='bbox 922 4043 981 4098; x_wconf 81' lang='lat' dir='ltr'><strong>tole</strong></span> <span class='ocrx_word' id='word_1_378' title='bbox 1000 4043 1151 4100; x_wconf 86' lang='lat' dir='ltr'><strong>discrimen</strong></span> <span class='ocrx_word' id='word_1_379' title='bbox 1169 4045 1272 4115; x_wconf 88' lang='lat' dir='ltr'><strong>placet.</strong></span> 
     </span>
    </p>

    <p class='ocr_par' dir='ltr' id='par_1_14' title="bbox 299 4121 1616 4673">
     <span class='ocr_line' id='line_1_39' title="bbox 372 4121 1615 4199; baseline 0.005 -22"><span class='ocrx_word' id='word_1_380' title='bbox 372 4127 416 4192; x_wconf 89' lang='grc'><strong>19)</strong></span> <span class='ocrx_word' id='word_1_381' title='bbox 446 4121 539 4190; x_wconf 66' lang='grc' dir='ltr'><strong><em>Τυνή</em></strong></span> <span class='ocrx_word' id='word_1_382' title='bbox 562 4141 604 4186; x_wconf 87' lang='grc' dir='ltr'><strong><em>τις</em></strong></span> <span class='ocrx_word' id='word_1_383' title='bbox 627 4122 714 4178; x_wconf 72' lang='grc' dir='ltr'><strong><em>ἔτεκε·</em></strong></span> <span class='ocrx_word' id='word_1_384' title='bbox 738 4123 810 4178; x_wconf 75' lang='grc' dir='ltr'><strong><em>κατὰ</em></strong></span> <span class='ocrx_word' id='word_1_385' title='bbox 832 4124 882 4179; x_wconf 89' lang='grc' dir='ltr'><strong><em>τδυ</em></strong></span> <span class='ocrx_word' id='word_1_386' title='bbox 901 4121 990 4193; x_wconf 85' lang='grc' dir='ltr'><strong><em>νόμον</em></strong></span> <span class='ocrx_word' id='word_1_387' title='bbox 1013 4123 1114 4193; x_wconf 78' lang='grc' dir='ltr'><strong><em>ὤφειλε</em></strong></span> <span class='ocrx_word' id='word_1_388' title='bbox 1132 4125 1170 4181; x_wconf 85' lang='grc' dir='ltr'><strong><em>νδι</em></strong></span> <span class='ocrx_word' id='word_1_389' title='bbox 1192 4125 1332 4199; x_wconf 73' lang='grc' dir='ltr'><strong><em>δναμοίνη</em></strong></span> <span class='ocrx_word' id='word_1_390' title='bbox 1350 4125 1456 4198; x_wconf 75' lang='grc' dir='ltr'><strong><em>ἡμέρας</em></strong></span> <span class='ocrx_word' id='word_1_391' title='bbox 1477 4127 1615 4196; x_wconf 81' lang='grc' dir='ltr'><strong><em>τεσσαρά-</em></strong></span> 
     </span>
     <span class='ocr_line' id='line_1_40' title="bbox 299 4198 1616 4277; baseline 0.005 -19"><span class='ocrx_word' id='word_1_392' title='bbox 299 4221 398 4259; x_wconf 81' lang='grc' dir='ltr'><strong><em>κοντα·</em></strong></span> <span class='ocrx_word' id='word_1_393' title='bbox 419 4198 481 4257; x_wconf 84' lang='grc' dir='ltr'><strong><em>ἀλλ’</em></strong></span> <span class='ocrx_word' id='word_1_394' title='bbox 502 4203 527 4258; x_wconf 82' lang='grc' dir='ltr'><strong>εί</strong></span> <span class='ocrx_word' id='word_1_395' title='bbox 546 4201 640 4272; x_wconf 75' lang='grc' dir='ltr'><strong><em>ὀλίγον</em></strong></span> <span class='ocrx_word' id='word_1_396' title='bbox 659 4201 769 4271; x_wconf 78' lang='grc' dir='ltr'><strong><em>ἔπειτα,</em></strong></span> <span class='ocrx_word' id='word_1_397' title='bbox 794 4203 862 4273; x_wconf 69' lang='grc' dir='ltr'><strong><em>μετὰ</em></strong></span> <span class='ocrx_word' id='word_1_398' title='bbox 884 4203 935 4268; x_wconf 81' lang='grc' dir='ltr'><strong><em>τὰς</em></strong></span> <span class='ocrx_word' id='word_1_399' title='bbox 952 4205 1162 4274; x_wconf 76' lang='grc' dir='ltr'><strong><em>τεσσαράκοντα</em></strong></span> <span class='ocrx_word' id='word_1_400' title='bbox 1179 4205 1285 4276; x_wconf 78' lang='grc' dir='ltr'><strong><em>ἡμέρας</em></strong></span> <span class='ocrx_word' id='word_1_401' title='bbox 1303 4209 1382 4276; x_wconf 62' lang='grc' dir='ltr'><strong><em>(μετὰ</em></strong></span> <span class='ocrx_word' id='word_1_402' title='bbox 1399 4209 1452 4277; x_wconf 82' lang='grc' dir='ltr'><strong>τὴν</strong></span> <span class='ocrx_word' id='word_1_403' title='bbox 1468 4208 1616 4276; x_wconf 77' lang='grc' dir='ltr'><strong><em>πλήρωσιν</em></strong></span> 
     </span>
     <span class='ocr_line' id='line_1_41' title="bbox 299 4280 1616 4357; baseline 0.005 -20"><span class='ocrx_word' id='word_1_404' title='bbox 299 4292 355 4337; x_wconf 83' lang='grc' dir='ltr'><strong>τῶν</strong></span> <span class='ocrx_word' id='word_1_405' title='bbox 377 4280 503 4353; x_wconf 79' lang='grc' dir='ltr'><strong><em>νομίμων</em></strong></span> <span class='ocrx_word' id='word_1_406' title='bbox 526 4283 637 4354; x_wconf 81' lang='grc' dir='ltr'><strong><em>ἡμερῶν</em></strong></span> <span class='ocrx_word' id='word_1_407' title='bbox 659 4291 709 4354; x_wconf 88' lang='grc' dir='ltr'><strong><em>τής</em></strong></span> <span class='ocrx_word' id='word_1_408' title='bbox 731 4284 898 4353; x_wconf 75' lang='grc' dir='ltr'><strong><em>καθάρσιας</em></strong></span> <span class='ocrx_word' id='word_1_409' title='bbox 921 4286 1017 4356; x_wconf 81' lang='grc' dir='ltr'><strong><em>αότής)</em></strong></span> <span class='ocrx_word' id='word_1_410' title='bbox 1041 4286 1184 4357; x_wconf 71' lang='grc' dir='ltr'><strong><em>ἐπορεόθη</em></strong></span> <span class='ocrx_word' id='word_1_411' title='bbox 1208 4287 1247 4350; x_wconf 78' lang='grc' dir='ltr'><strong><em>τίς</em></strong></span> <span class='ocrx_word' id='word_1_412' title='bbox 1272 4287 1355 4357; x_wconf 78' lang='grc' dir='ltr'><strong><em>ἄλλης</em></strong></span> <span class='ocrx_word' id='word_1_413' title='bbox 1371 4289 1450 4351; x_wconf 87' lang='grc' dir='ltr'><strong><em>τινὸς</em></strong></span> <span class='ocrx_word' id='word_1_414' title='bbox 1467 4287 1616 4354; x_wconf 73' lang='grc' dir='ltr'><strong><em>τετοκυίας</em></strong></span> 
     </span>
     <span class='ocr_line' id='line_1_42' title="bbox 299 4361 1616 4440; baseline 0.006 -24"><span class='ocrx_word' id='word_1_415' title='bbox 299 4361 346 4432; x_wconf 85' lang='grc' dir='ltr'><strong>(μή</strong></span> <span class='ocrx_word' id='word_1_416' title='bbox 370 4366 548 4435; x_wconf 74' lang='grc' dir='ltr'><strong><em>λησμονῶμεν</em></strong></span> <span class='ocrx_word' id='word_1_417' title='bbox 568 4361 609 4420; x_wconf 82' lang='grc' dir='ltr'><strong><em>ότι</em></strong></span> <span class='ocrx_word' id='word_1_418' title='bbox 632 4371 686 4418; x_wconf 85' lang='grc' dir='ltr'><strong>νῦν</strong></span> <span class='ocrx_word' id='word_1_419' title='bbox 705 4363 720 4418; x_wconf 92' lang='grc' dir='ltr'><strong><em>δ</em></strong></span> <span class='ocrx_word' id='word_1_420' title='bbox 744 4362 827 4435; x_wconf 74' lang='grc' dir='ltr'><strong><em>λόγος</em></strong></span> <span class='ocrx_word' id='word_1_421' title='bbox 848 4366 912 4434; x_wconf 79' lang='grc' dir='ltr'><strong><em>περί</em></strong></span> <span class='ocrx_word' id='word_1_422' title='bbox 935 4365 1082 4436; x_wconf 81' lang='grc' dir='ltr'><strong><em>ἀλλοτρίου</em></strong></span> <span class='ocrx_word' id='word_1_423' title='bbox 1103 4372 1229 4437; x_wconf 75' lang='grc' dir='ltr'><strong><em>τοκετοῦ)</em></strong></span> <span class='ocrx_word' id='word_1_424' title='bbox 1248 4369 1297 4422; x_wconf 86' lang='grc' dir='ltr'><strong><em>ιιαί</em></strong></span> <span class='ocrx_word' id='word_1_425' title='bbox 1315 4366 1410 4438; x_wconf 74' lang='grc' dir='ltr'><strong><em>ήψατο</em></strong></span> <span class='ocrx_word' id='word_1_426' title='bbox 1429 4377 1478 4439; x_wconf 76' lang='grc' dir='ltr'><strong><em>τῆς</em></strong></span> <span class='ocrx_word' id='word_1_427' title='bbox 1500 4367 1616 4440; x_wconf 80' lang='grc' dir='ltr'><strong><em>λοχείας</em></strong></span> 
     </span>
     <span class='ocr_line' id='line_1_43' title="bbox 299 4441 1614 4519; baseline 0.008 -23"><span class='ocrx_word' id='word_1_428' title='bbox 299 4442 349 4496; x_wconf 76' lang='grc' dir='ltr'><strong>καί</strong></span> <span class='ocrx_word' id='word_1_429' title='bbox 372 4441 461 4507; x_wconf 71' lang='grc' dir='ltr'><strong><em>οὕτως</em></strong></span> <span class='ocrx_word' id='word_1_430' title='bbox 479 4443 602 4514; x_wconf 79' lang='grc' dir='ltr'><strong><em>ἐμιοίνδη</em></strong></span> <span class='ocrx_word' id='word_1_431' title='bbox 621 4442 715 4512; x_wconf 82' lang='grc' dir='ltr'><strong><em>πόλιν,</em></strong></span> <span class='ocrx_word' id='word_1_432' title='bbox 738 4441 765 4498; x_wconf 89' lang='grc' dir='ltr'><strong><em>τί</em></strong></span> <span class='ocrx_word' id='word_1_433' title='bbox 783 4443 917 4515; x_wconf 72' lang='grc' dir='ltr'><strong><em>γενέσθαι</em></strong></span> <span class='ocrx_word' id='word_1_434' title='bbox 936 4446 993 4502; x_wconf 77' lang='grc' dir='ltr'><strong><em>ἔδει</em></strong></span> <span class='ocrx_word' id='word_1_435' title='bbox 1011 4445 1085 4515; x_wconf 71' lang='grc' dir='ltr'><strong><em>τόνος</em></strong></span> <span class='ocrx_word' id='word_1_436' title='bbox 1106 4445 1143 4502; x_wconf 87' lang='grc' dir='ltr'><em>Ἡ</em></span> <span class='ocrx_word' id='word_1_437' title='bbox 1159 4447 1230 4517; x_wconf 77' lang='grc' dir='ltr'><strong><em>μονὴ</em></strong></span> <span class='ocrx_word' id='word_1_438' title='bbox 1249 4449 1443 4516; x_wconf 69' lang='grc' dir='ltr'><strong><em>εὐκολώτερον,</em></strong></span> <span class='ocrx_word' id='word_1_439' title='bbox 1466 4449 1504 4513; x_wconf 81' lang='grc' dir='ltr'><strong>ὡς</strong></span> <span class='ocrx_word' id='word_1_440' title='bbox 1526 4449 1614 4519; x_wconf 67' lang='lat' dir='ltr'><strong>eiusde,</strong></span> 
     </span>
     <span class='ocr_line' id='line_1_44' title="bbox 300 4521 1614 4599; baseline 0.005 -21"><span class='ocrx_word' id='word_1_441' title='bbox 300 4521 476 4594; x_wconf 69' lang='grc' dir='ltr'><strong><em>ἐπισπωμένη</em></strong></span> <span class='ocrx_word' id='word_1_442' title='bbox 499 4523 531 4578; x_wconf 76' lang='lat' dir='ltr'><strong>cd</strong></span> <span class='ocrx_word' id='word_1_443' title='bbox 554 4522 674 4595; x_wconf 87' lang='grc' dir='ltr'><strong><em>μίασμα,</em></strong></span> <span class='ocrx_word' id='word_1_444' title='bbox 697 4523 797 4594; x_wconf 76' lang='grc' dir='ltr'><strong><em>ὤφειλε</em></strong></span> <span class='ocrx_word' id='word_1_445' title='bbox 816 4524 853 4579; x_wconf 88' lang='grc' dir='ltr'><strong><em>νδι</em></strong></span> <span class='ocrx_word' id='word_1_446' title='bbox 876 4524 1014 4599; x_wconf 75' lang='grc' dir='ltr'><strong><em>ἀναμείνῃ</em></strong></span> <span class='ocrx_word' id='word_1_447' title='bbox 1037 4526 1143 4597; x_wconf 77' lang='grc' dir='ltr'><strong><em>ἡμέρας</em></strong></span> <span class='ocrx_word' id='word_1_448' title='bbox 1165 4528 1228 4599; x_wconf 72' lang='lat' dir='ltr'><strong>oizi</strong></span> <span class='ocrx_word' id='word_1_449' title='bbox 1250 4537 1325 4598; x_wconf 77' lang='grc' dir='ltr'><strong><em>τρεῖς</em></strong></span> <span class='ocrx_word' id='word_1_450' title='bbox 1346 4527 1444 4598; x_wconf 86' lang='grc' dir='ltr'><strong><em>μόνον,</em></strong></span> <span class='ocrx_word' id='word_1_451' title='bbox 1467 4529 1559 4597; x_wconf 72' lang='grc' dir='ltr'><strong><em>ὥσπερ</em></strong></span> <span class='ocrx_word' id='word_1_452' title='bbox 1584 4532 1614 4586; x_wconf 81' lang='lat' dir='ltr'><strong>oi</strong></span> 
     </span>
     <span class='ocr_line' id='line_1_45' title="bbox 300 4601 752 4673; baseline 0 -15"><span class='ocrx_word' id='word_1_453' title='bbox 300 4601 378 4658; x_wconf 73' lang='grc' dir='ltr'><strong><em>ἄλλοι</em></strong></span> <span class='ocrx_word' id='word_1_454' title='bbox 395 4603 569 4673; x_wconf 78' lang='grc' dir='ltr'><strong><em>προσιόντος,</em></strong></span> <span class='ocrx_word' id='word_1_455' title='bbox 587 4605 656 4660; x_wconf 81' lang='grc' dir='ltr'><strong><em>ἀλλὰ</em></strong></span> <span class='ocrx_word' id='word_1_456' title='bbox 675 4603 752 4660; x_wconf 78' lang='grc' dir='ltr'><strong><em>δέκα.</em></strong></span> 
     </span>
    </p>

    <p class='ocr_par' dir='ltr' id='par_1_15' title="bbox 302 4683 1613 4761">
     <span class='ocr_line' id='line_1_46' title="bbox 302 4683 1613 4761; baseline 0.009 -27"><span class='ocrx_word' id='word_1_457' title='bbox 302 4729 305 4734; x_wconf 79' lang='grc'><strong>,</strong></span> <span class='ocrx_word' id='word_1_458' title='bbox 371 4687 416 4755; x_wconf 75' lang='grc'><strong>10)</strong></span> <span class='ocrx_word' id='word_1_459' title='bbox 441 4683 474 4739; x_wconf 87' lang='lat' dir='ltr'><strong>oi.</strong></span> <span class='ocrx_word' id='word_1_460' title='bbox 490 4701 564 4753; x_wconf 82' lang='lat' dir='ltr'><strong>quse</strong></span> <span class='ocrx_word' id='word_1_461' title='bbox 582 4685 618 4739; x_wconf 89' lang='lat' dir='ltr'><strong>de</strong></span> <span class='ocrx_word' id='word_1_462' title='bbox 636 4685 844 4741; x_wconf 84' lang='lat' dir='ltr'><strong>mendicatione</strong></span> <span class='ocrx_word' id='word_1_463' title='bbox 859 4702 954 4741; x_wconf 87' lang='lat' dir='ltr'><strong>eorum</strong></span> <span class='ocrx_word' id='word_1_464' title='bbox 968 4687 1082 4756; x_wconf 90' lang='lat' dir='ltr'><strong>publice</strong></span> <span class='ocrx_word' id='word_1_465' title='bbox 1095 4687 1240 4758; x_wconf 83' lang='lat' dir='ltr'><strong>prohibita</strong></span> <span class='ocrx_word' id='word_1_466' title='bbox 1255 4705 1270 4744; x_wconf 95' lang='lat' dir='ltr'><strong>e</strong></span> <span class='ocrx_word' id='word_1_467' title='bbox 1284 4707 1310 4744; x_wconf 92' lang='lat' dir='ltr'><strong>n.</strong></span> <span class='ocrx_word' id='word_1_468' title='bbox 1323 4696 1374 4744; x_wconf 73' lang='lat'><strong>116</strong></span> <span class='ocrx_word' id='word_1_469' title='bbox 1389 4693 1418 4744; x_wconf 86' lang='lat' dir='ltr'><strong>et</strong></span> <span class='ocrx_word' id='word_1_470' title='bbox 1433 4695 1482 4745; x_wconf 75' lang='lat'><strong>161</strong></span> <span class='ocrx_word' id='word_1_471' title='bbox 1499 4689 1613 4761; x_wconf 83' lang='lat' dir='ltr'><strong>collegi.</strong></span> 
     </span>
    </p>

    <p class='ocr_par' dir='ltr' id='par_1_16' title="bbox 299 4764 1614 5004">
     <span class='ocr_line' id='line_1_47' title="bbox 371 4764 1614 4840; baseline 0.007 -22"><span class='ocrx_word' id='word_1_472' title='bbox 371 4767 416 4834; x_wconf 83' lang='grc'><strong>91)</strong></span> <span class='ocrx_word' id='word_1_473' title='bbox 442 4764 651 4836; x_wconf 78' lang='lat' dir='ltr'><strong>Pythagoreum</strong></span> <span class='ocrx_word' id='word_1_474' title='bbox 670 4781 782 4834; x_wconf 90' lang='lat' dir='ltr'><strong>quoque</strong></span> <span class='ocrx_word' id='word_1_475' title='bbox 800 4783 905 4821; x_wconf 86' lang='lat' dir='ltr'><strong>morem</strong></span> <span class='ocrx_word' id='word_1_476' title='bbox 925 4767 1057 4822; x_wconf 88' lang='lat' dir='ltr'><strong>contulit:</strong></span> <span class='ocrx_word' id='word_1_477' title='bbox 1077 4767 1208 4824; x_wconf 86' lang='lat' dir='ltr'><strong>Philostr.</strong></span> <span class='ocrx_word' id='word_1_478' title='bbox 1219 4769 1252 4825; x_wconf 84' lang='lat' dir='ltr'><strong>V.</strong></span> <span class='ocrx_word' id='word_1_479' title='bbox 1267 4769 1360 4840; x_wconf 83' lang='lat' dir='ltr'><strong>Apoll.</strong></span> <span class='ocrx_word' id='word_1_480' title='bbox 1374 4771 1387 4824; x_wconf 95' lang='lat' dir='ltr'>I</span> <span class='ocrx_word' id='word_1_481' title='bbox 1401 4770 1484 4826; x_wconf 74' lang='lat' dir='ltr'><strong>scel(</strong></span> <span class='ocrx_word' id='word_1_482' title='bbox 1503 4769 1614 4840; x_wconf 69' lang='grc' dir='ltr'><strong><em>ἐσθῆτα</em></strong></span> 
     </span>
     <span class='ocr_line' id='line_1_48' title="bbox 300 4842 1613 4922; baseline 0.005 -22"><span class='ocrx_word' id='word_1_483' title='bbox 300 4845 332 4900; x_wconf 72' lang='grc' dir='ltr'><strong>δὲ</strong></span> <span class='ocrx_word' id='word_1_484' title='bbox 351 4842 387 4912; x_wconf 83' lang='grc' dir='ltr'><strong><em>ἣν</em></strong></span> <span class='ocrx_word' id='word_1_485' title='bbox 402 4845 459 4900; x_wconf 75' lang='grc' dir='ltr'><strong>ἀπὸ</strong></span> <span class='ocrx_word' id='word_1_486' title='bbox 472 4845 631 4914; x_wconf 79' lang='grc' dir='ltr'><strong><em>θυησιδίυιυ</em></strong></span> <span class='ocrx_word' id='word_1_487' title='bbox 645 4846 673 4900; x_wconf 91' lang='grc' dir='ltr'><strong><em>οί</em></strong></span> <span class='ocrx_word' id='word_1_488' title='bbox 690 4847 787 4901; x_wconf 85' lang='grc' dir='ltr'><strong><em>πολλοί</em></strong></span> <span class='ocrx_word' id='word_1_489' title='bbox 807 4855 953 4917; x_wconf 78' lang='grc' dir='ltr'><strong><em>φοροῦσιν,</em></strong></span> <span class='ocrx_word' id='word_1_490' title='bbox 972 4849 1006 4902; x_wconf 86' lang='lat' dir='ltr'><strong>od</strong></span> <span class='ocrx_word' id='word_1_491' title='bbox 1020 4847 1155 4917; x_wconf 80' lang='grc' dir='ltr'><strong><em>ναδαρδιυ</em></strong></span> <span class='ocrx_word' id='word_1_492' title='bbox 1170 4845 1244 4905; x_wconf 79' lang='grc' dir='ltr'><strong><em>είναι</em></strong></span> <span class='ocrx_word' id='word_1_493' title='bbox 1261 4849 1353 4920; x_wconf 87' lang='grc' dir='ltr'><strong><em>φήσας</em></strong></span> <span class='ocrx_word' id='word_1_494' title='bbox 1366 4848 1445 4906; x_wconf 86' lang='grc' dir='ltr'><strong><em>λίνον</em></strong></span> <span class='ocrx_word' id='word_1_495' title='bbox 1458 4849 1613 4922; x_wconf 74' lang='grc' dir='ltr'><strong><em>ἠμπίσχετο</em></strong></span> 
     </span>
     <span class='ocr_line' id='line_1_49' title="bbox 299 4924 1478 5004; baseline 0.008 -28"><span class='ocrx_word' id='word_1_496' title='bbox 299 4925 348 4978; x_wconf 76' lang='grc' dir='ltr'><strong><em>ταί</em></strong></span> <span class='ocrx_word' id='word_1_497' title='bbox 366 4925 397 4979; x_wconf 83' lang='grc' dir='ltr'><strong><em>τό</em></strong></span> <span class='ocrx_word' id='word_1_498' title='bbox 415 4924 548 4994; x_wconf 71' lang='grc' dir='ltr'><strong><em>ὑπόδημα</em></strong></span> <span class='ocrx_word' id='word_1_499' title='bbox 567 4925 638 4980; x_wconf 77' lang='grc' dir='ltr'><strong><em>κατὰ</em></strong></span> <span class='ocrx_word' id='word_1_500' title='bbox 657 4926 705 4981; x_wconf 86' lang='grc' dir='ltr'><strong><em>τδυ</em></strong></span> <span class='ocrx_word' id='word_1_501' title='bbox 724 4926 811 4983; x_wconf 83' lang='grc' dir='ltr'><strong><em>αότδν</em></strong></span> <span class='ocrx_word' id='word_1_502' title='bbox 829 4926 913 4998; x_wconf 77' lang='grc' dir='ltr'><strong><em>λόγον</em></strong></span> <span class='ocrx_word' id='word_1_503' title='bbox 932 4929 1036 5000; x_wconf 79' lang='grc' dir='ltr'><strong><em>βίβλου</em></strong></span> <span class='ocrx_word' id='word_1_504' title='bbox 1056 4929 1188 4996; x_wconf 68' lang='grc' dir='ltr'><strong><em>ἐπλήξατο</em></strong></span> <span class='ocrx_word' id='word_1_505' title='bbox 1207 4929 1253 5001; x_wconf 83' lang='lat' dir='ltr'><strong>(ci.</strong></span> <span class='ocrx_word' id='word_1_506' title='bbox 1272 4931 1286 4984; x_wconf 95' lang='lat' dir='ltr'>I</span> <span class='ocrx_word' id='word_1_507' title='bbox 1302 4949 1330 5002; x_wconf 86' lang='lat' dir='ltr'><strong>p.</strong></span> <span class='ocrx_word' id='word_1_508' title='bbox 1345 4931 1424 5004; x_wconf 68' lang='lat' dir='ltr'><strong>21⁶s⁷</strong></span> <span class='ocrx_word' id='word_1_509' title='bbox 1434 4931 1478 5003; x_wconf 85' lang='grc' dir='ltr'><strong>Κ),</strong></span> 
     </span>
    </p>
   </div>
   <div class='ocr_carea' id='block_1_12' title="bbox 0 0 1722 5464">
    <p class='ocr_par' dir='ltr' id='par_1_17' title="bbox 0 0 1722 5464">
     <span class='ocr_line' id='line_1_50' title="bbox 0 0 1722 5464; baseline 0 0"><span class='ocrx_word' id='word_1_510' title='bbox 0 0 1722 5464; x_wconf 95' lang='lat' dir='ltr'><strong> </strong></span> 
     </span>
    </p>
   </div>
  </div>
 </body>
</html>
