<?xml version="1.0" encoding="UTF-8"?>
<!DOCTYPE html PUBLIC "-//W3C//DTD XHTML 1.0 Transitional//EN"
    "http://www.w3.org/TR/xhtml1/DTD/xhtml1-transitional.dtd">
<html xmlns="http://www.w3.org/1999/xhtml" xml:lang="en" lang="en">
 <head>
  <title>
</title>
<meta http-equiv="Content-Type" content="text/html;charset=utf-8" />
  <meta name='ocr-system' content='tesseract 3.04.00' />
  <meta name='ocr-capabilities' content='ocr_page ocr_carea ocr_par ocr_line ocrx_word'/>
</head>
<body>
  <div class='ocr_page' id='page_1' title='image "./legesgraecorums00ziehgoog_0073.png"; bbox 0 0 3426 5462; ppageno 0'>
   <div class='ocr_carea' id='block_1_1' title="bbox 271 306 1064 372">
    <p class='ocr_par' dir='ltr' id='par_1_1' title="bbox 271 306 1064 372">
     <span class='ocr_line' id='line_1_1' title="bbox 271 306 1064 372; baseline 0.011 -19"><span class='ocrx_word' id='word_1_1' title='bbox 271 306 315 372; x_wconf 86' lang='lat'><strong>60</strong></span> <span class='ocrx_word' id='word_1_2' title='bbox 791 307 905 362; x_wconf 78' lang='lat' dir='ltr'><strong>seces</strong></span> <span class='ocrx_word' id='word_1_3' title='bbox 925 307 1064 364; x_wconf 78' lang='lat' dir='ltr'><strong>saonen</strong></span> 
     </span>
    </p>
   </div>
   <div class='ocr_carea' id='block_1_2' title="bbox 270 468 1712 4268">
    <p class='ocr_par' dir='ltr' id='par_1_2' title="bbox 271 468 1597 539">
     <span class='ocr_line' id='line_1_2' title="bbox 271 468 1597 539; baseline 0.002 -16"><span class='ocrx_word' id='word_1_4' title='bbox 271 473 337 524; x_wconf 82' lang='lat' dir='ltr'><strong>ante</strong></span> <span class='ocrx_word' id='word_1_5' title='bbox 357 471 377 522; x_wconf 86' lang='grc' dir='ltr'><strong><em>Ε</em></strong></span> <span class='ocrx_word' id='word_1_6' title='bbox 397 471 505 524; x_wconf 90' lang='lat' dir='ltr'><strong>trabem</strong></span> <span class='ocrx_word' id='word_1_7' title='bbox 525 471 685 525; x_wconf 82' lang='lat' dir='ltr'><strong>interiorem</strong></span> <span class='ocrx_word' id='word_1_8' title='bbox 705 468 817 524; x_wconf 83' lang='lat' dir='ltr'><strong>litterae</strong></span> <span class='ocrx_word' id='word_1_9' title='bbox 835 472 860 522; x_wconf 88' lang='lat' dir='ltr'>A</span> <span class='ocrx_word' id='word_1_10' title='bbox 880 471 1019 539; x_wconf 76' lang='lat' dir='ltr'><strong>dispicere</strong></span> <span class='ocrx_word' id='word_1_11' title='bbox 1042 470 1112 524; x_wconf 87' lang='lat' dir='ltr'><strong>milri</strong></span> <span class='ocrx_word' id='word_1_12' title='bbox 1132 470 1235 525; x_wconf 84' lang='lat' dir='ltr'><strong>videor.</strong></span> <span class='ocrx_word' id='word_1_13' title='bbox 1308 477 1324 526; x_wconf 89' lang='lat'>8</span> <span class='ocrx_word' id='word_1_14' title='bbox 1353 475 1420 526; x_wconf 85' lang='lat' dir='ltr'><strong>ante</strong></span> <span class='ocrx_word' id='word_1_15' title='bbox 1439 475 1458 524; x_wconf 83' lang='grc' dir='ltr'>Χ</span> <span class='ocrx_word' id='word_1_16' title='bbox 1478 471 1507 526; x_wconf 90' lang='lat' dir='ltr'><strong>in</strong></span> <span class='ocrx_word' id='word_1_17' title='bbox 1528 476 1597 527; x_wconf 86' lang='lat' dir='ltr'><strong>eet.</strong></span> 
     </span>
    </p>

    <p class='ocr_par' dir='ltr' id='par_1_3' title="bbox 271 550 1704 624">
     <span class='ocr_line' id='line_1_3' title="bbox 271 550 1704 624; baseline 0.003 -21"><span class='ocrx_word' id='word_1_18' title='bbox 271 553 391 620; x_wconf 88' lang='lat' dir='ltr'><strong>apparet</strong></span> <span class='ocrx_word' id='word_1_19' title='bbox 405 550 505 606; x_wconf 86' lang='lat' dir='ltr'><strong>bastae</strong></span> <span class='ocrx_word' id='word_1_20' title='bbox 518 566 584 621; x_wconf 81' lang='lat' dir='ltr'><strong>pera</strong></span> <span class='ocrx_word' id='word_1_21' title='bbox 599 551 716 605; x_wconf 82' lang='lat' dir='ltr'><strong>inferior</strong></span> <span class='ocrx_word' id='word_1_22' title='bbox 729 566 802 618; x_wconf 89' lang='lat' dir='ltr'><strong>qnae</strong></span> <span class='ocrx_word' id='word_1_23' title='bbox 816 553 955 620; x_wconf 84' lang='lat' dir='ltr'><strong>quantum</strong></span> <span class='ocrx_word' id='word_1_24' title='bbox 970 567 985 604; x_wconf 89' lang='lat' dir='ltr'><strong>e</strong></span> <span class='ocrx_word' id='word_1_25' title='bbox 999 550 1139 620; x_wconf 78' lang='lat' dir='ltr'><strong>positione</strong></span> <span class='ocrx_word' id='word_1_26' title='bbox 1152 552 1181 604; x_wconf 87' lang='lat' dir='ltr'><strong>et</strong></span> <span class='ocrx_word' id='word_1_27' title='bbox 1195 567 1210 604; x_wconf 92' lang='lat' dir='ltr'><strong>e</strong></span> <span class='ocrx_word' id='word_1_28' title='bbox 1224 550 1353 605; x_wconf 81' lang='lat' dir='ltr'><strong>laesurae</strong></span> <span class='ocrx_word' id='word_1_29' title='bbox 1367 568 1470 622; x_wconf 81' lang='lat' dir='ltr'><strong>genere</strong></span> <span class='ocrx_word' id='word_1_30' title='bbox 1485 552 1598 624; x_wconf 82' lang='lat' dir='ltr'><strong>colligi</strong></span> <span class='ocrx_word' id='word_1_31' title='bbox 1632 552 1638 564; x_wconf 87' lang='grc'><em>“</em></span> <span class='ocrx_word' id='word_1_32' title='bbox 1700 600 1704 613; x_wconf 89' lang='grc'>,</span> 
     </span>
    </p>

    <p class='ocr_par' dir='ltr' id='par_1_4' title="bbox 272 630 1707 823">
     <span class='ocr_line' id='line_1_4' title="bbox 272 630 1598 702; baseline 0.002 -17"><span class='ocrx_word' id='word_1_33' title='bbox 272 633 374 702; x_wconf 84' lang='lat' dir='ltr'><strong>potest,</strong></span> <span class='ocrx_word' id='word_1_34' title='bbox 389 647 404 686; x_wconf 89' lang='lat' dir='ltr'><strong>e</strong></span> <span class='ocrx_word' id='word_1_35' title='bbox 420 632 590 701; x_wconf 78' lang='lat' dir='ltr'><strong>Pauperest3</strong></span> <span class='ocrx_word' id='word_1_36' title='bbox 605 634 691 684; x_wconf 82' lang='lat' dir='ltr'><strong>antea</strong></span> <span class='ocrx_word' id='word_1_37' title='bbox 704 631 842 700; x_wconf 75' lang='lat' dir='ltr'><strong>reliquiae</strong></span> <span class='ocrx_word' id='word_1_38' title='bbox 857 634 907 684; x_wconf 90' lang='lat' dir='ltr'><strong>ant</strong></span> <span class='ocrx_word' id='word_1_39' title='bbox 919 630 1063 685; x_wconf 71' lang='lat' dir='ltr'><strong>litteraet</strong></span> <span class='ocrx_word' id='word_1_40' title='bbox 1079 634 1129 686; x_wconf 83' lang='lat' dir='ltr'><strong>aut</strong></span> <span class='ocrx_word' id='word_1_41' title='bbox 1143 634 1174 696; x_wconf 86' lang='lat' dir='ltr'><strong>ll,</strong></span> <span class='ocrx_word' id='word_1_42' title='bbox 1189 635 1275 686; x_wconf 89' lang='lat' dir='ltr'><strong>antea</strong></span> <span class='ocrx_word' id='word_1_43' title='bbox 1284 635 1305 665; x_wconf 73' lang='lat' dir='ltr'>V</span> <span class='ocrx_word' id='word_1_44' title='bbox 1316 632 1467 702; x_wconf 77' lang='lat' dir='ltr'><strong>dispicitur</strong></span> <span class='ocrx_word' id='word_1_45' title='bbox 1480 633 1498 687; x_wconf 92' lang='lat' dir='ltr'><strong>i.</strong></span> <span class='ocrx_word' id='word_1_46' title='bbox 1509 650 1534 687; x_wconf 90' lang='lat' dir='ltr'><strong>e.</strong></span> <span class='ocrx_word' id='word_1_47' title='bbox 1549 640 1598 688; x_wconf 85' lang='grc' dir='ltr'><strong>Ν.</strong></span> 
     </span>
     <span class='ocr_line' id='line_1_5' title="bbox 359 682 1707 823; baseline 0.002 -18"><span class='ocrx_word' id='word_1_48' title='bbox 359 748 507 821; x_wconf 80' lang='lat' dir='ltr'><strong>Titulum,</strong></span> <span class='ocrx_word' id='word_1_49' title='bbox 535 747 618 807; x_wconf 89' lang='lat' dir='ltr'><strong>cuius</strong></span> <span class='ocrx_word' id='word_1_50' title='bbox 647 747 724 805; x_wconf 87' lang='lat' dir='ltr'><strong>duaa</strong></span> <span class='ocrx_word' id='word_1_51' title='bbox 747 749 817 804; x_wconf 92' lang='lat' dir='ltr'><strong>sunt</strong></span> <span class='ocrx_word' id='word_1_52' title='bbox 843 749 944 823; x_wconf 87' lang='lat' dir='ltr'><strong>partes</strong></span> <span class='ocrx_word' id='word_1_53' title='bbox 971 747 1069 822; x_wconf 86' lang='lat' dir='ltr'><strong>spatio</strong></span> <span class='ocrx_word' id='word_1_54' title='bbox 1098 745 1225 805; x_wconf 89' lang='lat' dir='ltr'><strong>duorum</strong></span> <span class='ocrx_word' id='word_1_55' title='bbox 1255 748 1317 807; x_wconf 84' lang='lat' dir='ltr'><strong>fere</strong></span> <span class='ocrx_word' id='word_1_56' title='bbox 1341 767 1479 807; x_wconf 84' lang='lat' dir='ltr'><strong>versuum</strong></span> <span class='ocrx_word' id='word_1_57' title='bbox 1502 751 1601 810; x_wconf 86' lang='lat' dir='ltr'><strong>inter</strong></span> <span class='ocrx_word' id='word_1_58' title='bbox 1700 682 1707 767; x_wconf 65' lang='grc' dir='ltr'>Ι</span> 
     </span>
    </p>

    <p class='ocr_par' dir='ltr' id='par_1_5' title="bbox 271 837 1597 928">
     <span class='ocr_line' id='line_1_6' title="bbox 271 837 1597 928; baseline 0.002 -25"><span class='ocrx_word' id='word_1_59' title='bbox 271 865 302 904; x_wconf 91' lang='lat' dir='ltr'><strong>se</strong></span> <span class='ocrx_word' id='word_1_60' title='bbox 330 849 499 923; x_wconf 87' lang='lat' dir='ltr'><strong>separatae,</strong></span> <span class='ocrx_word' id='word_1_61' title='bbox 526 849 653 921; x_wconf 90' lang='lat' dir='ltr'><strong>utraque</strong></span> <span class='ocrx_word' id='word_1_62' title='bbox 680 844 851 922; x_wconf 81' lang='lat' dir='ltr'><strong>uolgaribus</strong></span> <span class='ocrx_word' id='word_1_63' title='bbox 879 844 989 904; x_wconf 88' lang='lat' dir='ltr'><strong>litteris</strong></span> <span class='ocrx_word' id='word_1_64' title='bbox 1011 837 1156 926; x_wconf 81' lang='lat' dir='ltr'><strong>Atticis⁴)</strong></span> <span class='ocrx_word' id='word_1_65' title='bbox 1185 837 1227 925; x_wconf 82' lang='lat' dir='ltr'><strong>(v.</strong></span> <span class='ocrx_word' id='word_1_66' title='bbox 1247 847 1266 904; x_wconf 87' lang='lat'><em>8</em></span> <span class='ocrx_word' id='word_1_67' title='bbox 1290 851 1321 905; x_wconf 88' lang='lat' dir='ltr'><strong>et</strong></span> <span class='ocrx_word' id='word_1_68' title='bbox 1346 849 1387 906; x_wconf 89' lang='lat'><strong>10</strong></span> <span class='ocrx_word' id='word_1_69' title='bbox 1410 850 1510 907; x_wconf 87' lang='lat' dir='ltr'><strong>tamen</strong></span> <span class='ocrx_word' id='word_1_70' title='bbox 1536 843 1597 928; x_wconf 78' lang='grc' dir='ltr'><strong>Ω)</strong></span> 
     </span>
    </p>

    <p class='ocr_par' dir='ltr' id='par_1_6' title="bbox 271 942 1597 1021">
     <span class='ocr_line' id='line_1_7' title="bbox 271 942 1597 1021; baseline 0.002 -18"><span class='ocrx_word' id='word_1_71' title='bbox 271 946 425 1021; x_wconf 86' lang='lat' dir='ltr'><strong>inscripta,</strong></span> <span class='ocrx_word' id='word_1_72' title='bbox 448 945 544 1004; x_wconf 88' lang='lat' dir='ltr'><strong>altera</strong></span> <span class='ocrx_word' id='word_1_73' title='bbox 562 948 662 1003; x_wconf 87' lang='lat' dir='ltr'><strong>tarnen</strong></span> <span class='ocrx_word' id='word_1_74' title='bbox 680 942 844 1002; x_wconf 85' lang='lat' dir='ltr'><strong>maioribus</strong></span> <span class='ocrx_word' id='word_1_75' title='bbox 863 945 894 1002; x_wconf 90' lang='lat' dir='ltr'><strong>et</strong></span> <span class='ocrx_word' id='word_1_76' title='bbox 912 942 1004 1002; x_wconf 87' lang='lat' dir='ltr'><strong>latius</strong></span> <span class='ocrx_word' id='word_1_77' title='bbox 1023 943 1185 1017; x_wconf 88' lang='lat' dir='ltr'><strong>collocatis,</strong></span> <span class='ocrx_word' id='word_1_78' title='bbox 1209 943 1246 1003; x_wconf 89' lang='lat' dir='ltr'><strong>ad</strong></span> <span class='ocrx_word' id='word_1_79' title='bbox 1266 945 1342 1004; x_wconf 89' lang='lat' dir='ltr'><strong>ritus</strong></span> <span class='ocrx_word' id='word_1_80' title='bbox 1361 943 1597 1021; x_wconf 81' lang='lat' dir='ltr'><strong>Plynteriorum</strong></span> 
     </span>
    </p>

    <p class='ocr_par' dir='ltr' id='par_1_7' title="bbox 271 1035 1599 1122">
     <span class='ocr_line' id='line_1_8' title="bbox 271 1035 1599 1122; baseline 0.001 -20"><span class='ocrx_word' id='word_1_81' title='bbox 271 1044 419 1119; x_wconf 88' lang='lat' dir='ltr'><strong>pertinere</strong></span> <span class='ocrx_word' id='word_1_82' title='bbox 447 1061 512 1101; x_wconf 89' lang='lat' dir='ltr'><strong>curn</strong></span> <span class='ocrx_word' id='word_1_83' title='bbox 537 1040 796 1118; x_wconf 82' lang='lat' dir='ltr'><strong>Praxiergidarum</strong></span> <span class='ocrx_word' id='word_1_84' title='bbox 823 1045 887 1099; x_wconf 91' lang='lat' dir='ltr'><strong>tum</strong></span> <span class='ocrx_word' id='word_1_85' title='bbox 919 1041 1000 1118; x_wconf 92' lang='lat' dir='ltr'><strong>pepli</strong></span> <span class='ocrx_word' id='word_1_86' title='bbox 1023 1043 1173 1100; x_wconf 90' lang='lat' dir='ltr'><strong>mentione</strong></span> <span class='ocrx_word' id='word_1_87' title='bbox 1197 1046 1323 1118; x_wconf 87' lang='lat' dir='ltr'><strong>apparet</strong></span> <span class='ocrx_word' id='word_1_88' title='bbox 1331 1035 1371 1118; x_wconf 54' lang='grc' dir='ltr'><strong>’δι</strong></span> <span class='ocrx_word' id='word_1_89' title='bbox 1404 1063 1463 1120; x_wconf 92' lang='lat' dir='ltr'><strong>quo</strong></span> <span class='ocrx_word' id='word_1_90' title='bbox 1485 1046 1599 1122; x_wconf 78' lang='lat' dir='ltr'><strong>magis</strong></span> 
     </span>
    </p>

    <p class='ocr_par' dir='ltr' id='par_1_8' title="bbox 270 1140 1600 1218">
     <span class='ocr_line' id='line_1_9' title="bbox 270 1140 1600 1218; baseline 0.002 -18"><span class='ocrx_word' id='word_1_91' title='bbox 270 1140 430 1200; x_wconf 87' lang='lat' dir='ltr'><strong>dolendum</strong></span> <span class='ocrx_word' id='word_1_92' title='bbox 463 1144 508 1200; x_wconf 87' lang='lat' dir='ltr'><strong>est</strong></span> <span class='ocrx_word' id='word_1_93' title='bbox 545 1161 611 1199; x_wconf 87' lang='lat' dir='ltr'><strong>eum</strong></span> <span class='ocrx_word' id='word_1_94' title='bbox 643 1141 800 1216; x_wconf 89' lang='lat' dir='ltr'><strong>tantopere</strong></span> <span class='ocrx_word' id='word_1_95' title='bbox 832 1140 1003 1198; x_wconf 87' lang='lat' dir='ltr'><strong>mutilatum</strong></span> <span class='ocrx_word' id='word_1_96' title='bbox 1036 1157 1112 1212; x_wconf 87' lang='lat' dir='ltr'><strong>esse,</strong></span> <span class='ocrx_word' id='word_1_97' title='bbox 1145 1142 1181 1198; x_wconf 91' lang='lat' dir='ltr'><strong>ut</strong></span> <span class='ocrx_word' id='word_1_98' title='bbox 1212 1141 1392 1216; x_wconf 82' lang='lat' dir='ltr'><strong>paucissima</strong></span> <span class='ocrx_word' id='word_1_99' title='bbox 1421 1147 1600 1218; x_wconf 84' lang='lat' dir='ltr'><strong>praccepta</strong></span> 
     </span>
    </p>

    <p class='ocr_par' dir='ltr' id='par_1_9' title="bbox 271 1237 1600 1318">
     <span class='ocr_line' id='line_1_10' title="bbox 271 1237 1600 1318; baseline 0.003 -20"><span class='ocrx_word' id='word_1_100' title='bbox 271 1243 495 1318; x_wconf 76' lang='lat' dir='ltr'><strong>cognoscantur.</strong></span> <span class='ocrx_word' id='word_1_101' title='bbox 564 1237 683 1314; x_wconf 89' lang='lat' dir='ltr'><strong>Optime</strong></span> <span class='ocrx_word' id='word_1_102' title='bbox 724 1238 760 1297; x_wconf 91' lang='lat' dir='ltr'><strong>de</strong></span> <span class='ocrx_word' id='word_1_103' title='bbox 801 1237 908 1314; x_wconf 86' lang='lat' dir='ltr'><strong>prioris</strong></span> <span class='ocrx_word' id='word_1_104' title='bbox 950 1238 1044 1313; x_wconf 88' lang='lat' dir='ltr'><strong>partis</strong></span> <span class='ocrx_word' id='word_1_105' title='bbox 1086 1237 1331 1314; x_wconf 65' lang='lat' dir='ltr'><strong>interpretatione</strong></span> <span class='ocrx_word' id='word_1_106' title='bbox 1372 1242 1495 1301; x_wconf 90' lang='lat' dir='ltr'><strong>meritus</strong></span> <span class='ocrx_word' id='word_1_107' title='bbox 1540 1247 1600 1302; x_wconf 88' lang='lat' dir='ltr'><strong>est</strong></span> 
     </span>
    </p>

    <p class='ocr_par' dir='ltr' id='par_1_10' title="bbox 271 1335 1711 1414">
     <span class='ocr_line' id='line_1_11' title="bbox 271 1335 1711 1414; baseline 0.003 -18"><span class='ocrx_word' id='word_1_108' title='bbox 271 1337 358 1397; x_wconf 89' lang='lat' dir='ltr'><strong>Prott</strong></span> <span class='ocrx_word' id='word_1_109' title='bbox 389 1339 420 1396; x_wconf 90' lang='lat' dir='ltr'><strong>in</strong></span> <span class='ocrx_word' id='word_1_110' title='bbox 453 1337 562 1397; x_wconf 88' lang='lat' dir='ltr'><strong>litteris</strong></span> <span class='ocrx_word' id='word_1_111' title='bbox 595 1337 632 1396; x_wconf 87' lang='lat' dir='ltr'><strong>ad</strong></span> <span class='ocrx_word' id='word_1_112' title='bbox 663 1354 711 1396; x_wconf 89' lang='lat' dir='ltr'><strong>me</strong></span> <span class='ocrx_word' id='word_1_113' title='bbox 742 1336 820 1395; x_wconf 88' lang='lat' dir='ltr'><strong>datis</strong></span> <span class='ocrx_word' id='word_1_114' title='bbox 854 1340 884 1395; x_wconf 91' lang='lat' dir='ltr'><strong>et</strong></span> <span class='ocrx_word' id='word_1_115' title='bbox 915 1335 951 1394; x_wconf 92' lang='lat' dir='ltr'><strong>de</strong></span> <span class='ocrx_word' id='word_1_116' title='bbox 978 1337 1117 1395; x_wconf 88' lang='lat' dir='ltr'><strong>universa</strong></span> <span class='ocrx_word' id='word_1_117' title='bbox 1145 1339 1223 1396; x_wconf 89' lang='lat' dir='ltr'><strong>certe</strong></span> <span class='ocrx_word' id='word_1_118' title='bbox 1255 1340 1380 1414; x_wconf 89' lang='lat' dir='ltr'><strong>ratione,</strong></span> <span class='ocrx_word' id='word_1_119' title='bbox 1408 1343 1443 1398; x_wconf 89' lang='lat' dir='ltr'><strong>ut</strong></span> <span class='ocrx_word' id='word_1_120' title='bbox 1471 1343 1598 1400; x_wconf 78' lang='lat' dir='ltr'><strong>rectius</strong></span> <span class='ocrx_word' id='word_1_121' title='bbox 1710 1353 1711 1356; x_wconf 75' lang='grc'>’</span> 
     </span>
    </p>

    <p class='ocr_par' dir='ltr' id='par_1_11' title="bbox 270 1435 1598 1514">
     <span class='ocr_line' id='line_1_12' title="bbox 270 1435 1598 1514; baseline 0.002 -20"><span class='ocrx_word' id='word_1_122' title='bbox 270 1436 448 1508; x_wconf 91' lang='lat' dir='ltr'><strong>iudicemus,</strong></span> <span class='ocrx_word' id='word_1_123' title='bbox 490 1437 596 1496; x_wconf 85' lang='lat' dir='ltr'><strong>effecit.</strong></span> <span class='ocrx_word' id='word_1_124' title='bbox 655 1435 713 1504; x_wconf 80' lang='lat' dir='ltr'><strong>Qui</strong></span> <span class='ocrx_word' id='word_1_125' title='bbox 753 1437 913 1512; x_wconf 87' lang='lat' dir='ltr'><strong>postquem</strong></span> <span class='ocrx_word' id='word_1_126' title='bbox 953 1435 1118 1513; x_wconf 74' lang='lat' dir='ltr'><strong>marginem</strong></span> <span class='ocrx_word' id='word_1_127' title='bbox 1159 1437 1342 1512; x_wconf 88' lang='lat' dir='ltr'><strong>superiorem</strong></span> <span class='ocrx_word' id='word_1_128' title='bbox 1382 1437 1491 1514; x_wconf 87' lang='lat' dir='ltr'><strong>lapidis</strong></span> <span class='ocrx_word' id='word_1_129' title='bbox 1535 1459 1598 1497; x_wconf 85' lang='lat' dir='ltr'><strong>ex-</strong></span> 
     </span>
    </p>

    <p class='ocr_par' dir='ltr' id='par_1_12' title="bbox 270 1532 1598 1611">
     <span class='ocr_line' id='line_1_13' title="bbox 270 1532 1598 1611; baseline 0.002 -18"><span class='ocrx_word' id='word_1_130' title='bbox 270 1537 335 1594; x_wconf 87' lang='lat' dir='ltr'><strong>tare</strong></span> <span class='ocrx_word' id='word_1_131' title='bbox 363 1537 483 1607; x_wconf 77' lang='lat' dir='ltr'><strong>statuit,</strong></span> <span class='ocrx_word' id='word_1_132' title='bbox 512 1536 599 1594; x_wconf 83' lang='lat' dir='ltr'><strong>initio</strong></span> <span class='ocrx_word' id='word_1_133' title='bbox 627 1532 830 1610; x_wconf 83' lang='lat' dir='ltr'><strong>inscriptionis</strong></span> <span class='ocrx_word' id='word_1_134' title='bbox 858 1533 946 1592; x_wconf 88' lang='lat' dir='ltr'><strong>solita</strong></span> <span class='ocrx_word' id='word_1_135' title='bbox 974 1532 1157 1592; x_wconf 88' lang='lat' dir='ltr'><strong>decretorum</strong></span> <span class='ocrx_word' id='word_1_136' title='bbox 1185 1536 1371 1611; x_wconf 77' lang='lat' dir='ltr'><strong>praescripta</strong></span> <span class='ocrx_word' id='word_1_137' title='bbox 1397 1537 1598 1596; x_wconf 81' lang='lat' dir='ltr'><strong>restituenda</strong></span> 
     </span>
    </p>

    <p class='ocr_par' dir='ltr' id='par_1_13' title="bbox 271 1631 1712 1708">
     <span class='ocr_line' id='line_1_14' title="bbox 271 1631 1712 1708; baseline 0.001 -16"><span class='ocrx_word' id='word_1_138' title='bbox 271 1651 333 1692; x_wconf 90' lang='lat' dir='ltr'><strong>esse</strong></span> <span class='ocrx_word' id='word_1_139' title='bbox 356 1634 503 1692; x_wconf 87' lang='lat' dir='ltr'><strong>conclusit</strong></span> <span class='ocrx_word' id='word_1_140' title='bbox 525 1633 726 1708; x_wconf 85' lang='lat' dir='ltr'><strong>reliquiaeque</strong></span> <span class='ocrx_word' id='word_1_141' title='bbox 745 1650 846 1690; x_wconf 89' lang='lat' dir='ltr'><strong>eorum</strong></span> <span class='ocrx_word' id='word_1_142' title='bbox 865 1631 1014 1706; x_wconf 86' lang='lat' dir='ltr'><strong>inlepide</strong></span> <span class='ocrx_word' id='word_1_143' title='bbox 1034 1631 1162 1690; x_wconf 85' lang='lat' dir='ltr'><strong>feliciter</strong></span> <span class='ocrx_word' id='word_1_144' title='bbox 1179 1632 1305 1706; x_wconf 82' lang='lat' dir='ltr'><strong>detexit3</strong></span> <span class='ocrx_word' id='word_1_145' title='bbox 1328 1633 1397 1692; x_wconf 88' lang='lat' dir='ltr'><strong>iude</strong></span> <span class='ocrx_word' id='word_1_146' title='bbox 1416 1653 1494 1707; x_wconf 83' lang='lat' dir='ltr'><strong>vero,</strong></span> <span class='ocrx_word' id='word_1_147' title='bbox 1512 1653 1596 1694; x_wconf 90' lang='lat' dir='ltr'><strong>curn</strong></span> <span class='ocrx_word' id='word_1_148' title='bbox 1711 1658 1712 1661; x_wconf 42' lang='lat'>¹</span> 
     </span>
    </p>

    <p class='ocr_par' dir='ltr' id='par_1_14' title="bbox 270 1729 1599 1808">
     <span class='ocr_line' id='line_1_15' title="bbox 270 1729 1599 1808; baseline 0.003 -18"><span class='ocrx_word' id='word_1_149' title='bbox 270 1732 375 1790; x_wconf 88' lang='lat' dir='ltr'><strong>statim</strong></span> <span class='ocrx_word' id='word_1_150' title='bbox 397 1733 465 1790; x_wconf 68' lang='lat' dir='ltr'><strong>ab</strong></span> <span class='ocrx_word' id='word_1_151' title='bbox 494 1730 530 1790; x_wconf 89' lang='lat' dir='ltr'><strong>de</strong></span> <span class='ocrx_word' id='word_1_152' title='bbox 558 1731 634 1790; x_wconf 85' lang='lat' dir='ltr'><strong>stela</strong></span> <span class='ocrx_word' id='word_1_153' title='bbox 662 1729 849 1790; x_wconf 86' lang='lat' dir='ltr'><strong>inscribenda</strong></span> <span class='ocrx_word' id='word_1_154' title='bbox 877 1732 907 1788; x_wconf 90' lang='lat' dir='ltr'><strong>et</strong></span> <span class='ocrx_word' id='word_1_155' title='bbox 935 1729 1108 1789; x_wconf 88' lang='lat' dir='ltr'><strong>collocanda</strong></span> <span class='ocrx_word' id='word_1_156' title='bbox 1136 1731 1352 1807; x_wconf 82' lang='lat' dir='ltr'><strong>praecipiatur,</strong></span> <span class='ocrx_word' id='word_1_157' title='bbox 1375 1731 1440 1808; x_wconf 87' lang='lat' dir='ltr'><strong>ipso</strong></span> <span class='ocrx_word' id='word_1_158' title='bbox 1464 1733 1599 1794; x_wconf 88' lang='lat' dir='ltr'><strong>decreto</strong></span> 
     </span>
    </p>

    <p class='ocr_par' dir='ltr' id='par_1_15' title="bbox 271 1828 1711 1918">
     <span class='ocr_line' id='line_1_16' title="bbox 271 1828 1711 1918; baseline 0.003 -31"><span class='ocrx_word' id='word_1_159' title='bbox 271 1829 346 1887; x_wconf 86' lang='lat' dir='ltr'><strong>nihil</strong></span> <span class='ocrx_word' id='word_1_160' title='bbox 369 1830 427 1889; x_wconf 79' lang='lat' dir='ltr'><strong>nisi</strong></span> <span class='ocrx_word' id='word_1_161' title='bbox 451 1830 528 1889; x_wconf 86' lang='lat' dir='ltr'><strong>hanc</strong></span> <span class='ocrx_word' id='word_1_162' title='bbox 549 1830 646 1905; x_wconf 89' lang='lat' dir='ltr'><strong>ipsam</strong></span> <span class='ocrx_word' id='word_1_163' title='bbox 670 1849 731 1888; x_wconf 89' lang='lat' dir='ltr'><strong>rem</strong></span> <span class='ocrx_word' id='word_1_164' title='bbox 756 1828 882 1902; x_wconf 88' lang='lat' dir='ltr'><strong>decerni,</strong></span> <span class='ocrx_word' id='word_1_165' title='bbox 905 1828 1022 1904; x_wconf 89' lang='lat' dir='ltr'><strong>reliqua</strong></span> <span class='ocrx_word' id='word_1_166' title='bbox 1045 1828 1154 1904; x_wconf 88' lang='lat' dir='ltr'><strong>lapidis</strong></span> <span class='ocrx_word' id='word_1_167' title='bbox 1177 1833 1263 1906; x_wconf 87' lang='lat' dir='ltr'><strong>parte</strong></span> <span class='ocrx_word' id='word_1_168' title='bbox 1286 1848 1331 1904; x_wconf 86' lang='lat' dir='ltr'><strong>ea,</strong></span> <span class='ocrx_word' id='word_1_169' title='bbox 1355 1849 1431 1906; x_wconf 88' lang='lat' dir='ltr'><strong>quae</strong></span> <span class='ocrx_word' id='word_1_170' title='bbox 1454 1833 1598 1907; x_wconf 92' lang='lat' dir='ltr'><strong>populus</strong></span> <span class='ocrx_word' id='word_1_171' title='bbox 1710 1855 1711 1918; x_wconf 38' lang='grc' dir='ltr'>ζ</span> 
     </span>
    </p>

    <p class='ocr_par' dir='ltr' id='par_1_16' title="bbox 270 1919 1711 2006">
     <span class='ocr_line' id='line_1_17' title="bbox 270 1919 1711 2006; baseline 0.003 -20"><span class='ocrx_word' id='word_1_172' title='bbox 270 1928 363 1987; x_wconf 91' lang='lat' dir='ltr'><strong>incidi</strong></span> <span class='ocrx_word' id='word_1_173' title='bbox 395 1929 496 2002; x_wconf 88' lang='lat' dir='ltr'><strong>iussit,</strong></span> <span class='ocrx_word' id='word_1_174' title='bbox 528 1930 628 2005; x_wconf 89' lang='lat' dir='ltr'><strong>patria</strong></span> <span class='ocrx_word' id='word_1_175' title='bbox 659 1947 698 1988; x_wconf 90' lang='lat' dir='ltr'><strong>sc.</strong></span> <span class='ocrx_word' id='word_1_176' title='bbox 732 1926 1003 2006; x_wconf 81' lang='lat' dir='ltr'><strong>Prexiergidarum,</strong></span> <span class='ocrx_word' id='word_1_177' title='bbox 1037 1925 1182 1986; x_wconf 87' lang='lat' dir='ltr'><strong>contineri</strong></span> <span class='ocrx_word' id='word_1_178' title='bbox 1215 1927 1368 1988; x_wconf 88' lang='lat' dir='ltr'><strong>conclusit.</strong></span> <span class='ocrx_word' id='word_1_179' title='bbox 1419 1927 1500 1998; x_wconf 79' lang='lat' dir='ltr'><strong>Quae</strong></span> <span class='ocrx_word' id='word_1_180' title='bbox 1530 1932 1599 1991; x_wconf 79' lang='lat' dir='ltr'><strong>ad-</strong></span> <span class='ocrx_word' id='word_1_181' title='bbox 1710 1919 1711 1930; x_wconf 38' lang='lat'>¹</span> 
     </span>
    </p>

    <p class='ocr_par' dir='ltr' id='par_1_17' title="bbox 270 2025 1597 2104">
     <span class='ocr_line' id='line_1_18' title="bbox 270 2025 1597 2104; baseline 0.004 -20"><span class='ocrx_word' id='word_1_182' title='bbox 270 2025 390 2086; x_wconf 85' lang='lat' dir='ltr'><strong>modum</strong></span> <span class='ocrx_word' id='word_1_183' title='bbox 410 2027 474 2085; x_wconf 87' lang='lat' dir='ltr'><strong>veri</strong></span> <span class='ocrx_word' id='word_1_184' title='bbox 492 2026 632 2085; x_wconf 89' lang='lat' dir='ltr'><strong>similiter</strong></span> <span class='ocrx_word' id='word_1_185' title='bbox 650 2025 803 2103; x_wconf 87' lang='lat' dir='ltr'><strong>disputata</strong></span> <span class='ocrx_word' id='word_1_186' title='bbox 822 2029 891 2084; x_wconf 93' lang='lat' dir='ltr'><strong>sunt</strong></span> <span class='ocrx_word' id='word_1_187' title='bbox 909 2045 969 2084; x_wconf 86' lang='lat' dir='ltr'><strong>una</strong></span> <span class='ocrx_word' id='word_1_188' title='bbox 987 2046 1019 2084; x_wconf 89' lang='lat' dir='ltr'><strong>re</strong></span> <span class='ocrx_word' id='word_1_189' title='bbox 1034 2029 1168 2102; x_wconf 84' lang='lat' dir='ltr'><strong>excepte:</strong></span> <span class='ocrx_word' id='word_1_190' title='bbox 1187 2026 1267 2102; x_wconf 90' lang='lat' dir='ltr'><strong>quod</strong></span> <span class='ocrx_word' id='word_1_191' title='bbox 1286 2027 1363 2086; x_wconf 87' lang='lat' dir='ltr'><strong>enirn</strong></span> <span class='ocrx_word' id='word_1_192' title='bbox 1378 2026 1597 2104; x_wconf 81' lang='lat' dir='ltr'><strong>inscriptionis</strong></span> 
     </span>
    </p>

    <p class='ocr_par' dir='ltr' id='par_1_18' title="bbox 270 2121 1594 2204">
     <span class='ocr_line' id='line_1_19' title="bbox 270 2121 1594 2204; baseline 0.005 -22"><span class='ocrx_word' id='word_1_193' title='bbox 270 2144 298 2182; x_wconf 84' lang='lat' dir='ltr'><strong>v.</strong></span> <span class='ocrx_word' id='word_1_194' title='bbox 320 2126 404 2184; x_wconf 83' lang='grc'><strong>7-9</strong></span> <span class='ocrx_word' id='word_1_195' title='bbox 429 2122 460 2184; x_wconf 87' lang='grc' dir='ltr'><strong>τὸ</strong></span> <span class='ocrx_word' id='word_1_196' title='bbox 484 2121 517 2185; x_wconf 79' lang='grc' dir='ltr'><strong><em>δὲ</em></strong></span> <span class='ocrx_word' id='word_1_197' title='bbox 539 2121 682 2204; x_wconf 80' lang='grc' dir='ltr'><strong><em>ἀργύριον</em></strong></span> <span class='ocrx_word' id='word_1_198' title='bbox 701 2157 744 2164; x_wconf 93' lang='grc'><strong>-</strong></span> <span class='ocrx_word' id='word_1_199' title='bbox 766 2156 809 2166; x_wconf 93' lang='lat'><em>-</em></span> <span class='ocrx_word' id='word_1_200' title='bbox 831 2131 883 2201; x_wconf 77' lang='grc' dir='ltr'><strong>τῆς</strong></span> <span class='ocrx_word' id='word_1_201' title='bbox 907 2127 968 2182; x_wconf 85' lang='grc' dir='ltr'><strong>θεῶ</strong></span> <span class='ocrx_word' id='word_1_202' title='bbox 991 2121 1064 2183; x_wconf 81' lang='grc' dir='ltr'><strong><em>κατὰ</em></strong></span> <span class='ocrx_word' id='word_1_203' title='bbox 1088 2121 1122 2182; x_wconf 89' lang='grc' dir='ltr'><strong>τόι</strong></span> <span class='ocrx_word' id='word_1_204' title='bbox 1145 2123 1253 2203; x_wconf 79' lang='grc' dir='ltr'><strong><em>πάτρια</em></strong></span> <span class='ocrx_word' id='word_1_205' title='bbox 1272 2157 1315 2165; x_wconf 92' lang='grc'>-</span> <span class='ocrx_word' id='word_1_206' title='bbox 1334 2158 1377 2166; x_wconf 86' lang='grc'>-</span> <span class='ocrx_word' id='word_1_207' title='bbox 1400 2123 1594 2204; x_wconf 63' lang='lat' dir='ltr'><strong>secespitae</strong></span> 
     </span>
    </p>

    <p class='ocr_par' dir='ltr' id='par_1_19' title="bbox 271 2221 1597 2300">
     <span class='ocr_line' id='line_1_20' title="bbox 271 2221 1597 2300; baseline 0.003 -19"><span class='ocrx_word' id='word_1_208' title='bbox 271 2221 429 2298; x_wconf 76' lang='grc' dir='ltr'><em>διδόντων,</em></span> <span class='ocrx_word' id='word_1_209' title='bbox 461 2241 642 2300; x_wconf 87' lang='lat' dir='ltr'><strong>quamquam</strong></span> <span class='ocrx_word' id='word_1_210' title='bbox 674 2222 710 2281; x_wconf 91' lang='lat' dir='ltr'><strong>de</strong></span> <span class='ocrx_word' id='word_1_211' title='bbox 738 2222 894 2280; x_wconf 84' lang='lat' dir='ltr'><strong>verborum</strong></span> <span class='ocrx_word' id='word_1_212' title='bbox 924 2223 1113 2281; x_wconf 84' lang='lat' dir='ltr'><strong>restitutione</strong></span> <span class='ocrx_word' id='word_1_213' title='bbox 1145 2221 1252 2283; x_wconf 90' lang='lat' dir='ltr'><strong>dubius</strong></span> <span class='ocrx_word' id='word_1_214' title='bbox 1285 2226 1360 2299; x_wconf 90' lang='lat' dir='ltr'><strong>erat,</strong></span> <span class='ocrx_word' id='word_1_215' title='bbox 1392 2223 1428 2283; x_wconf 91' lang='lat' dir='ltr'><strong>de</strong></span> <span class='ocrx_word' id='word_1_216' title='bbox 1455 2229 1597 2300; x_wconf 79' lang='lat' dir='ltr'><strong>pecunia</strong></span> 
     </span>
    </p>

    <p class='ocr_par' dir='ltr' id='par_1_20' title="bbox 271 2319 1597 2398">
     <span class='ocr_line' id='line_1_21' title="bbox 271 2319 1597 2398; baseline 0.003 -18"><span class='ocrx_word' id='word_1_217' title='bbox 271 2321 309 2380; x_wconf 86' lang='lat' dir='ltr'><strong>ud</strong></span> <span class='ocrx_word' id='word_1_218' title='bbox 333 2322 424 2381; x_wconf 86' lang='lat' dir='ltr'><strong>stelae</strong></span> <span class='ocrx_word' id='word_1_219' title='bbox 447 2321 711 2396; x_wconf 89' lang='lat' dir='ltr'><strong>inscriptionisque</strong></span> <span class='ocrx_word' id='word_1_220' title='bbox 739 2322 874 2395; x_wconf 89' lang='lat' dir='ltr'><strong>sumptus</strong></span> <span class='ocrx_word' id='word_1_221' title='bbox 902 2319 1053 2398; x_wconf 82' lang='lat' dir='ltr'><strong>eroganda</strong></span> <span class='ocrx_word' id='word_1_222' title='bbox 1079 2321 1239 2396; x_wconf 84' lang='lat' dir='ltr'><strong>intellexit,</strong></span> <span class='ocrx_word' id='word_1_223' title='bbox 1266 2321 1298 2379; x_wconf 92' lang='lat' dir='ltr'><strong>id</strong></span> <span class='ocrx_word' id='word_1_224' title='bbox 1324 2321 1389 2381; x_wconf 91' lang='lat' dir='ltr'><strong>lieri</strong></span> <span class='ocrx_word' id='word_1_225' title='bbox 1411 2341 1471 2382; x_wconf 90' lang='lat' dir='ltr'><strong>non</strong></span> <span class='ocrx_word' id='word_1_226' title='bbox 1493 2342 1597 2398; x_wconf 87' lang='lat' dir='ltr'><strong>posse</strong></span> 
     </span>
    </p>

    <p class='ocr_par' dir='ltr' id='par_1_21' title="bbox 271 2417 1596 2496">
     <span class='ocr_line' id='line_1_22' title="bbox 271 2417 1596 2496; baseline 0.001 -17"><span class='ocrx_word' id='word_1_227' title='bbox 271 2438 446 2495; x_wconf 88' lang='lat' dir='ltr'><strong>persuasum</strong></span> <span class='ocrx_word' id='word_1_228' title='bbox 469 2418 564 2478; x_wconf 89' lang='lat' dir='ltr'><strong>habeo</strong></span> <span class='ocrx_word' id='word_1_229' title='bbox 587 2422 709 2496; x_wconf 88' lang='lat' dir='ltr'><strong>propter</strong></span> <span class='ocrx_word' id='word_1_230' title='bbox 732 2418 941 2494; x_wconf 85' lang='lat' dir='ltr'><strong>imperativum</strong></span> <span class='ocrx_word' id='word_1_231' title='bbox 960 2419 1125 2494; x_wconf 89' lang='lat' dir='ltr'><strong>praesentis</strong></span> <span class='ocrx_word' id='word_1_232' title='bbox 1149 2417 1294 2481; x_wconf 78' lang='grc' dir='ltr'><strong><em>διδόντων</em></strong></span> <span class='ocrx_word' id='word_1_233' title='bbox 1312 2420 1351 2480; x_wconf 87' lang='lat' dir='ltr'><strong>ad</strong></span> <span class='ocrx_word' id='word_1_234' title='bbox 1369 2421 1514 2480; x_wconf 87' lang='lat' dir='ltr'><strong>eiusmodi</strong></span> <span class='ocrx_word' id='word_1_235' title='bbox 1534 2443 1596 2480; x_wconf 84' lang='lat' dir='ltr'><strong>ex-</strong></span> 
     </span>
    </p>

    <p class='ocr_par' dir='ltr' id='par_1_22' title="bbox 270 2515 1596 2597">
     <span class='ocr_line' id='line_1_23' title="bbox 270 2515 1596 2597; baseline 0.002 -20"><span class='ocrx_word' id='word_1_236' title='bbox 270 2537 394 2594; x_wconf 84' lang='lat' dir='ltr'><strong>pensam</strong></span> <span class='ocrx_word' id='word_1_237' title='bbox 418 2537 475 2576; x_wconf 89' lang='lat' dir='ltr'><strong>non</strong></span> <span class='ocrx_word' id='word_1_238' title='bbox 504 2520 616 2594; x_wconf 88' lang='lat' dir='ltr'><strong>aptum.</strong></span> <span class='ocrx_word' id='word_1_239' title='bbox 662 2517 724 2576; x_wconf 89' lang='lat' dir='ltr'><strong>Nec</strong></span> <span class='ocrx_word' id='word_1_240' title='bbox 752 2518 848 2594; x_wconf 82' lang='lat' dir='ltr'><strong>magis</strong></span> <span class='ocrx_word' id='word_1_241' title='bbox 872 2517 1012 2576; x_wconf 89' lang='lat' dir='ltr'><strong>sollemne</strong></span> <span class='ocrx_word' id='word_1_242' title='bbox 1038 2516 1114 2576; x_wconf 91' lang='lat' dir='ltr'><strong>illud</strong></span> <span class='ocrx_word' id='word_1_243' title='bbox 1136 2515 1209 2576; x_wconf 76' lang='grc' dir='ltr'><strong><em>κατὰ</em></strong></span> <span class='ocrx_word' id='word_1_244' title='bbox 1232 2515 1267 2577; x_wconf 78' lang='grc' dir='ltr'><strong>τό</strong></span> <span class='ocrx_word' id='word_1_245' title='bbox 1290 2517 1397 2597; x_wconf 71' lang='grc' dir='ltr'><strong><em>πάτρια</em></strong></span> <span class='ocrx_word' id='word_1_246' title='bbox 1425 2539 1493 2578; x_wconf 88' lang='lat' dir='ltr'><strong>oum</strong></span> <span class='ocrx_word' id='word_1_247' title='bbox 1515 2523 1596 2581; x_wconf 70' lang='lat' dir='ltr'><strong>tam</strong></span> 
     </span>
    </p>

    <p class='ocr_par' dir='ltr' id='par_1_23' title="bbox 271 2614 1596 2695">
     <span class='ocr_line' id='line_1_24' title="bbox 271 2614 1596 2695; baseline 0.002 -19"><span class='ocrx_word' id='word_1_248' title='bbox 271 2617 370 2695; x_wconf 80' lang='lat' dir='ltr'><strong>exigui</strong></span> <span class='ocrx_word' id='word_1_249' title='bbox 393 2617 537 2676; x_wconf 85' lang='lat' dir='ltr'><strong>momenti</strong></span> <span class='ocrx_word' id='word_1_250' title='bbox 558 2635 590 2674; x_wconf 90' lang='lat' dir='ltr'><strong>re</strong></span> <span class='ocrx_word' id='word_1_251' title='bbox 613 2617 760 2690; x_wconf 87' lang='lat' dir='ltr'><strong>convenit,</strong></span> <span class='ocrx_word' id='word_1_252' title='bbox 783 2614 874 2674; x_wconf 90' lang='lat' dir='ltr'><strong>immo</strong></span> <span class='ocrx_word' id='word_1_253' title='bbox 897 2614 964 2674; x_wconf 91' lang='lat' dir='ltr'><strong>inde</strong></span> <span class='ocrx_word' id='word_1_254' title='bbox 986 2615 1021 2673; x_wconf 93' lang='lat' dir='ltr'><strong>de</strong></span> <span class='ocrx_word' id='word_1_255' title='bbox 1044 2614 1210 2692; x_wconf 86' lang='lat' dir='ltr'><strong>sumptibus</strong></span> <span class='ocrx_word' id='word_1_256' title='bbox 1233 2617 1277 2676; x_wconf 90' lang='lat' dir='ltr'><strong>rei</strong></span> <span class='ocrx_word' id='word_1_257' title='bbox 1299 2635 1400 2676; x_wconf 84' lang='lat' dir='ltr'><strong>sacrae</strong></span> <span class='ocrx_word' id='word_1_258' title='bbox 1424 2618 1596 2680; x_wconf 77' lang='lat' dir='ltr'><strong>faciundae</strong></span> 
     </span>
    </p>

    <p class='ocr_par' dir='ltr' id='par_1_24' title="bbox 271 2708 1596 2791">
     <span class='ocr_line' id='line_1_25' title="bbox 271 2708 1596 2791; baseline 0.002 -16"><span class='ocrx_word' id='word_1_259' title='bbox 271 2733 436 2775; x_wconf 89' lang='lat' dir='ltr'><strong>sermonem</strong></span> <span class='ocrx_word' id='word_1_260' title='bbox 463 2733 526 2774; x_wconf 88' lang='lat' dir='ltr'><strong>esse</strong></span> <span class='ocrx_word' id='word_1_261' title='bbox 554 2717 691 2790; x_wconf 86' lang='lat' dir='ltr'><strong>apparet;</strong></span> <span class='ocrx_word' id='word_1_262' title='bbox 722 2713 753 2772; x_wconf 92' lang='lat' dir='ltr'><strong>id</strong></span> <span class='ocrx_word' id='word_1_263' title='bbox 783 2712 862 2789; x_wconf 87' lang='lat' dir='ltr'><strong>quod</strong></span> <span class='ocrx_word' id='word_1_264' title='bbox 884 2708 1084 2772; x_wconf 74' lang='lat' dir='ltr'><strong>confirmatur</strong></span> <span class='ocrx_word' id='word_1_265' title='bbox 1103 2714 1201 2790; x_wconf 84' lang='lat' dir='ltr'><strong>spatio</strong></span> <span class='ocrx_word' id='word_1_266' title='bbox 1224 2715 1312 2774; x_wconf 90' lang='lat' dir='ltr'><strong>unius</strong></span> <span class='ocrx_word' id='word_1_267' title='bbox 1334 2716 1466 2791; x_wconf 81' lang='lat' dir='ltr'><strong>litterae,</strong></span> <span class='ocrx_word' id='word_1_268' title='bbox 1499 2719 1596 2790; x_wconf 89' lang='lat' dir='ltr'><strong>quod</strong></span> 
     </span>
    </p>

    <p class='ocr_par' dir='ltr' id='par_1_25' title="bbox 271 2811 1595 2891">
     <span class='ocr_line' id='line_1_26' title="bbox 271 2811 1595 2891; baseline 0.002 -19"><span class='ocrx_word' id='word_1_269' title='bbox 271 2816 340 2872; x_wconf 86' lang='lat' dir='ltr'><strong>ente</strong></span> <span class='ocrx_word' id='word_1_270' title='bbox 363 2813 484 2871; x_wconf 89' lang='lat' dir='ltr'><strong>initium</strong></span> <span class='ocrx_word' id='word_1_271' title='bbox 506 2812 589 2872; x_wconf 90' lang='lat' dir='ltr'><strong>illius</strong></span> <span class='ocrx_word' id='word_1_272' title='bbox 613 2812 765 2888; x_wconf 85' lang='lat' dir='ltr'><strong>praecepti</strong></span> <span class='ocrx_word' id='word_1_273' title='bbox 787 2814 882 2870; x_wconf 86' lang='lat' dir='ltr'><strong>vacat.</strong></span> <span class='ocrx_word' id='word_1_274' title='bbox 924 2811 1030 2886; x_wconf 83' lang='lat' dir='ltr'><strong>Itaque</strong></span> <span class='ocrx_word' id='word_1_275' title='bbox 1053 2813 1109 2872; x_wconf 90' lang='lat' dir='ltr'><strong>hoo</strong></span> <span class='ocrx_word' id='word_1_276' title='bbox 1132 2813 1196 2871; x_wconf 89' lang='lat' dir='ltr'><strong>loco</strong></span> <span class='ocrx_word' id='word_1_277' title='bbox 1220 2812 1256 2871; x_wconf 93' lang='lat' dir='ltr'><strong>de</strong></span> <span class='ocrx_word' id='word_1_278' title='bbox 1275 2813 1431 2891; x_wconf 82' lang='lat' dir='ltr'><strong>erogandis</strong></span> <span class='ocrx_word' id='word_1_279' title='bbox 1455 2819 1595 2890; x_wconf 83' lang='lat' dir='ltr'><strong>sumpti-</strong></span> 
     </span>
    </p>

    <p class='ocr_par' dir='ltr' id='par_1_26' title="bbox 272 2908 1596 2986">
     <span class='ocr_line' id='line_1_27' title="bbox 272 2908 1596 2986; baseline 0.003 -16"><span class='ocrx_word' id='word_1_280' title='bbox 272 2910 325 2970; x_wconf 89' lang='lat' dir='ltr'><strong>bus</strong></span> <span class='ocrx_word' id='word_1_281' title='bbox 345 2912 409 2970; x_wconf 88' lang='lat' dir='ltr'><strong>eiue</strong></span> <span class='ocrx_word' id='word_1_282' title='bbox 427 2913 480 2984; x_wconf 90' lang='lat' dir='ltr'><strong>rei,</strong></span> <span class='ocrx_word' id='word_1_283' title='bbox 499 2911 534 2970; x_wconf 93' lang='lat' dir='ltr'><strong>de</strong></span> <span class='ocrx_word' id='word_1_284' title='bbox 554 2930 614 2986; x_wconf 87' lang='lat' dir='ltr'><strong>qna</strong></span> <span class='ocrx_word' id='word_1_285' title='bbox 632 2908 738 2970; x_wconf 89' lang='lat' dir='ltr'><strong>deinde</strong></span> <span class='ocrx_word' id='word_1_286' title='bbox 753 2912 862 2986; x_wconf 83' lang='lat' dir='ltr'><strong>agitur,</strong></span> <span class='ocrx_word' id='word_1_287' title='bbox 881 2910 1035 2970; x_wconf 86' lang='lat' dir='ltr'><strong>simulacri</strong></span> <span class='ocrx_word' id='word_1_288' title='bbox 1052 2929 1091 2969; x_wconf 90' lang='lat' dir='ltr'><strong>sc.</strong></span> <span class='ocrx_word' id='word_1_289' title='bbox 1106 2911 1252 2970; x_wconf 79' lang='lat' dir='ltr'><strong>vestiendi</strong></span> <span class='ocrx_word' id='word_1_290' title='bbox 1265 2910 1384 2971; x_wconf 89' lang='lat' dir='ltr'><strong>decerni</strong></span> <span class='ocrx_word' id='word_1_291' title='bbox 1397 2911 1511 2971; x_wconf 86' lang='lat' dir='ltr'><strong>conlido</strong></span> <span class='ocrx_word' id='word_1_292' title='bbox 1525 2931 1596 2974; x_wconf 88' lang='lat' dir='ltr'><strong>nec</strong></span> 
     </span>
    </p>

    <p class='ocr_par' dir='ltr' id='par_1_27' title="bbox 272 3008 1595 3086">
     <span class='ocr_line' id='line_1_28' title="bbox 272 3008 1595 3086; baseline 0.004 -18"><span class='ocrx_word' id='word_1_293' title='bbox 272 3009 364 3068; x_wconf 81' lang='lat' dir='ltr'><strong>verba</strong></span> <span class='ocrx_word' id='word_1_294' title='bbox 386 3011 418 3068; x_wconf 91' lang='lat' dir='ltr'><strong>in</strong></span> <span class='ocrx_word' id='word_1_295' title='bbox 441 3010 517 3068; x_wconf 90' lang='lat' dir='ltr'><strong>hano</strong></span> <span class='ocrx_word' id='word_1_296' title='bbox 540 3009 600 3068; x_wconf 85' lang='lat' dir='ltr'><strong>fere</strong></span> <span class='ocrx_word' id='word_1_297' title='bbox 625 3010 803 3068; x_wconf 90' lang='lat' dir='ltr'><strong>sententiam</strong></span> <span class='ocrx_word' id='word_1_298' title='bbox 826 3009 965 3086; x_wconf 87' lang='lat' dir='ltr'><strong>suppleta</strong></span> <span class='ocrx_word' id='word_1_299' title='bbox 987 3010 1019 3067; x_wconf 92' lang='lat' dir='ltr'><strong>in</strong></span> <span class='ocrx_word' id='word_1_300' title='bbox 1041 3011 1155 3067; x_wconf 88' lang='lat' dir='ltr'><strong>textum</strong></span> <span class='ocrx_word' id='word_1_301' title='bbox 1174 3011 1304 3085; x_wconf 91' lang='lat' dir='ltr'><strong>recipere</strong></span> <span class='ocrx_word' id='word_1_302' title='bbox 1323 3008 1459 3069; x_wconf 87' lang='lat' dir='ltr'><strong>dubitavi</strong></span> <span class='ocrx_word' id='word_1_303' title='bbox 1477 3027 1595 3073; x_wconf 79' lang='lat' dir='ltr'><strong>versus</strong></span> 
     </span>
    </p>

    <p class='ocr_par' dir='ltr' id='par_1_28' title="bbox 272 3106 1595 3183">
     <span class='ocr_line' id='line_1_29' title="bbox 272 3106 1595 3183; baseline 0.002 -16"><span class='ocrx_word' id='word_1_304' title='bbox 272 3109 456 3168; x_wconf 87' lang='lat' dir='ltr'><strong>constituens</strong></span> <span class='ocrx_word' id='word_1_305' title='bbox 476 3109 518 3167; x_wconf 81' lang='lat'><strong>40</strong></span> <span class='ocrx_word' id='word_1_306' title='bbox 537 3108 706 3167; x_wconf 89' lang='lat' dir='ltr'><strong>litterarum</strong></span> <span class='ocrx_word' id='word_1_307' title='bbox 730 3106 795 3166; x_wconf 90' lang='lat' dir='ltr'><strong>coll.</strong></span> <span class='ocrx_word' id='word_1_308' title='bbox 815 3127 841 3165; x_wconf 88' lang='lat' dir='ltr'><strong>v.</strong></span> <span class='ocrx_word' id='word_1_309' title='bbox 858 3108 886 3166; x_wconf 82' lang='lat'><strong>5.</strong></span> <span class='ocrx_word' id='word_1_310' title='bbox 928 3107 989 3166; x_wconf 87' lang='lat' dir='ltr'><strong>Nec</strong></span> <span class='ocrx_word' id='word_1_311' title='bbox 1011 3110 1113 3166; x_wconf 88' lang='lat' dir='ltr'><strong>tamen</strong></span> <span class='ocrx_word' id='word_1_312' title='bbox 1135 3107 1184 3166; x_wconf 91' lang='lat' dir='ltr'><strong>hio</strong></span> <span class='ocrx_word' id='word_1_313' title='bbox 1206 3125 1345 3166; x_wconf 85' lang='lat' dir='ltr'><strong>numeras</strong></span> <span class='ocrx_word' id='word_1_314' title='bbox 1368 3108 1457 3183; x_wconf 91' lang='lat' dir='ltr'><strong>plane</strong></span> <span class='ocrx_word' id='word_1_315' title='bbox 1481 3113 1595 3171; x_wconf 86' lang='lat' dir='ltr'><strong>certus</strong></span> 
     </span>
    </p>

    <p class='ocr_par' dir='ltr' id='par_1_29' title="bbox 271 3201 1596 3284">
     <span class='ocr_line' id='line_1_30' title="bbox 271 3201 1596 3284; baseline 0.001 -17"><span class='ocrx_word' id='word_1_316' title='bbox 271 3211 325 3281; x_wconf 85' lang='lat' dir='ltr'><strong>est,</strong></span> <span class='ocrx_word' id='word_1_317' title='bbox 344 3207 485 3283; x_wconf 89' lang='lat' dir='ltr'><strong>quoniam</strong></span> <span class='ocrx_word' id='word_1_318' title='bbox 500 3208 556 3266; x_wconf 86' lang='lat' dir='ltr'><strong>v.5</strong></span> <span class='ocrx_word' id='word_1_319' title='bbox 576 3226 631 3283; x_wconf 88' lang='lat' dir='ltr'><strong>pro</strong></span> <span class='ocrx_word' id='word_1_320' title='bbox 649 3201 808 3264; x_wconf 70' lang='lat' dir='ltr'><strong>ductrices</strong></span> <span class='ocrx_word' id='word_1_321' title='bbox 827 3207 917 3264; x_wconf 90' lang='lat' dir='ltr'><strong>etiarn</strong></span> <span class='ocrx_word' id='word_1_322' title='bbox 937 3208 1111 3265; x_wconf 76' lang='grc' dir='ltr'><strong><em>καταθεῖναι</em></strong></span> <span class='ocrx_word' id='word_1_323' title='bbox 1128 3206 1176 3265; x_wconf 83' lang='lat' dir='ltr'><strong>vel</strong></span> <span class='ocrx_word' id='word_1_324' title='bbox 1195 3213 1299 3282; x_wconf 78' lang='grc' dir='ltr'><strong><em>στῆσαι</em></strong></span> <span class='ocrx_word' id='word_1_325' title='bbox 1317 3207 1449 3283; x_wconf 90' lang='lat' dir='ltr'><strong>suppleri</strong></span> <span class='ocrx_word' id='word_1_326' title='bbox 1466 3210 1596 3284; x_wconf 71' lang='lat' dir='ltr'><strong>potest,</strong></span> 
     </span>
    </p>

    <p class='ocr_par' dir='ltr' id='par_1_30' title="bbox 271 3302 1594 3381">
     <span class='ocr_line' id='line_1_31' title="bbox 271 3302 1594 3381; baseline 0 -16"><span class='ocrx_word' id='word_1_327' title='bbox 271 3303 455 3365; x_wconf 89' lang='lat' dir='ltr'><strong>solummodo</strong></span> <span class='ocrx_word' id='word_1_328' title='bbox 469 3309 545 3381; x_wconf 86' lang='lat' dir='ltr'><strong>quot</strong></span> <span class='ocrx_word' id='word_1_329' title='bbox 553 3304 671 3363; x_wconf 85' lang='lat' dir='ltr'><strong>litterae</strong></span> <span class='ocrx_word' id='word_1_330' title='bbox 682 3303 831 3362; x_wconf 86' lang='lat' dir='ltr'><strong>asinistra</strong></span> <span class='ocrx_word' id='word_1_331' title='bbox 840 3307 925 3379; x_wconf 88' lang='lat' dir='ltr'><strong>parte</strong></span> <span class='ocrx_word' id='word_1_332' title='bbox 935 3302 1106 3376; x_wconf 84' lang='lat' dir='ltr'><strong>exciderint,</strong></span> <span class='ocrx_word' id='word_1_333' title='bbox 1115 3306 1238 3378; x_wconf 89' lang='lat' dir='ltr'><strong>propter</strong></span> <span class='ocrx_word' id='word_1_334' title='bbox 1247 3307 1361 3362; x_wconf 89' lang='lat' dir='ltr'><strong>certum</strong></span> <span class='ocrx_word' id='word_1_335' title='bbox 1370 3302 1450 3362; x_wconf 88' lang='lat' dir='ltr'><strong>initii</strong></span> <span class='ocrx_word' id='word_1_336' title='bbox 1460 3304 1594 3379; x_wconf 90' lang='lat' dir='ltr'><strong>supple-</strong></span> 
     </span>
    </p>

    <p class='ocr_par' dir='ltr' id='par_1_31' title="bbox 271 3396 1595 3482">
     <span class='ocr_line' id='line_1_32' title="bbox 271 3396 1595 3482; baseline 0.002 -21"><span class='ocrx_word' id='word_1_337' title='bbox 271 3397 540 3481; x_wconf 66' lang='lat' dir='ltr'><strong>mentum(r”doxosv</strong></span> <span class='ocrx_word' id='word_1_338' title='bbox 550 3397 751 3482; x_wconf 67' lang='lat' dir='ltr'><strong>astlconstat.</strong></span> <span class='ocrx_word' id='word_1_339' title='bbox 762 3433 794 3441; x_wconf 83' lang='lat'>—</span> <span class='ocrx_word' id='word_1_340' title='bbox 801 3400 837 3460; x_wconf 83' lang='lat' dir='ltr'><strong>V.</strong></span> <span class='ocrx_word' id='word_1_341' title='bbox 845 3402 863 3459; x_wconf 86' lang='grc'>6</span> <span class='ocrx_word' id='word_1_342' title='bbox 870 3396 1043 3480; x_wconf 77' lang='grc' dir='ltr'><strong><em>βορρ[ᾶθεν,</em></strong></span> <span class='ocrx_word' id='word_1_343' title='bbox 1052 3401 1129 3477; x_wconf 88' lang='lat' dir='ltr'><strong>quod</strong></span> <span class='ocrx_word' id='word_1_344' title='bbox 1141 3401 1213 3460; x_wconf 88' lang='lat' dir='ltr'><strong>olim</strong></span> <span class='ocrx_word' id='word_1_345' title='bbox 1221 3403 1448 3477; x_wconf 79' lang='lat' dir='ltr'><strong>proposuerant,</strong></span> <span class='ocrx_word' id='word_1_346' title='bbox 1453 3400 1595 3464; x_wconf 88' lang='lat' dir='ltr'><strong>lectione</strong></span> 
     </span>
    </p>

    <p class='ocr_par' dir='ltr' id='par_1_32' title="bbox 272 3496 1595 3579">
     <span class='ocr_line' id='line_1_33' title="bbox 272 3496 1595 3579; baseline 0.002 -20"><span class='ocrx_word' id='word_1_347' title='bbox 272 3501 380 3560; x_wconf 90' lang='lat' dir='ltr'><strong>Prottii</strong></span> <span class='ocrx_word' id='word_1_348' title='bbox 394 3519 454 3559; x_wconf 91' lang='lat' dir='ltr'><strong>non</strong></span> <span class='ocrx_word' id='word_1_349' title='bbox 468 3499 662 3560; x_wconf 85' lang='lat' dir='ltr'><strong>confirmatur</strong></span> <span class='ocrx_word' id='word_1_350' title='bbox 675 3517 770 3575; x_wconf 92' lang='lat' dir='ltr'><strong>neque</strong></span> <span class='ocrx_word' id='word_1_351' title='bbox 784 3500 878 3579; x_wconf 81' lang='lat' dir='ltr'><strong>igitur</strong></span> <span class='ocrx_word' id='word_1_352' title='bbox 891 3501 1051 3576; x_wconf 86' lang='lat' dir='ltr'><strong>quicquam</strong></span> <span class='ocrx_word' id='word_1_353' title='bbox 1065 3499 1172 3573; x_wconf 86' lang='lat' dir='ltr'><strong>obstat,</strong></span> <span class='ocrx_word' id='word_1_354' title='bbox 1191 3519 1228 3558; x_wconf 90' lang='lat' dir='ltr'><strong>ne</strong></span> <span class='ocrx_word' id='word_1_355' title='bbox 1246 3497 1372 3559; x_wconf 80' lang='grc' dir='ltr'><strong><em>νοτόθεν</em></strong></span> <span class='ocrx_word' id='word_1_356' title='bbox 1386 3501 1439 3558; x_wconf 88' lang='lat' dir='ltr'><strong>aut</strong></span> <span class='ocrx_word' id='word_1_357' title='bbox 1454 3496 1595 3562; x_wconf 76' lang='grc' dir='ltr'><strong><em>ὄπισθεν</em></strong></span> 
     </span>
    </p>

    <p class='ocr_par' dir='ltr' id='par_1_33' title="bbox 271 3595 1595 3678">
     <span class='ocr_line' id='line_1_34' title="bbox 271 3595 1595 3678; baseline 0.002 -20"><span class='ocrx_word' id='word_1_358' title='bbox 271 3604 303 3658; x_wconf 84' lang='grc' dir='ltr'><strong>τό</strong></span> <span class='ocrx_word' id='word_1_359' title='bbox 323 3597 372 3660; x_wconf 73' lang='lat' dir='ltr'><strong>vrb</strong></span> <span class='ocrx_word' id='word_1_360' title='bbox 391 3599 423 3658; x_wconf 86' lang='grc' dir='ltr'><strong>τό</strong></span> <span class='ocrx_word' id='word_1_361' title='bbox 443 3595 546 3678; x_wconf 64' lang='lat' dir='ltr'><strong>rippale</strong></span> <span class='ocrx_word' id='word_1_362' title='bbox 565 3597 737 3672; x_wconf 86' lang='lat' dir='ltr'><strong>scribamus,</strong></span> <span class='ocrx_word' id='word_1_363' title='bbox 760 3601 795 3658; x_wconf 86' lang='lat' dir='ltr'><strong>cl.</strong></span> <span class='ocrx_word' id='word_1_364' title='bbox 815 3619 842 3659; x_wconf 91' lang='lat' dir='ltr'><strong>n.</strong></span> <span class='ocrx_word' id='word_1_365' title='bbox 860 3603 876 3658; x_wconf 89' lang='lat'>1</span> <span class='ocrx_word' id='word_1_366' title='bbox 893 3619 920 3656; x_wconf 89' lang='lat' dir='ltr'><strong>v.</strong></span> <span class='ocrx_word' id='word_1_367' title='bbox 933 3600 974 3657; x_wconf 92' lang='lat'><strong>10</strong></span> <span class='ocrx_word' id='word_1_368' title='bbox 993 3599 1024 3655; x_wconf 88' lang='lat' dir='ltr'><strong>et</strong></span> <span class='ocrx_word' id='word_1_369' title='bbox 1042 3619 1069 3655; x_wconf 92' lang='lat' dir='ltr'><strong>n.</strong></span> <span class='ocrx_word' id='word_1_370' title='bbox 1086 3596 1143 3655; x_wconf 49' lang='lat'><strong>30*</strong></span> <span class='ocrx_word' id='word_1_371' title='bbox 1158 3617 1183 3656; x_wconf 87' lang='lat' dir='ltr'><strong>v.</strong></span> <span class='ocrx_word' id='word_1_372' title='bbox 1200 3599 1252 3670; x_wconf 87' lang='lat'><strong>31,</strong></span> <span class='ocrx_word' id='word_1_373' title='bbox 1270 3597 1305 3657; x_wconf 88' lang='lat' dir='ltr'><strong>de</strong></span> <span class='ocrx_word' id='word_1_374' title='bbox 1324 3599 1448 3672; x_wconf 90' lang='lat' dir='ltr'><strong>antiquo</strong></span> <span class='ocrx_word' id='word_1_375' title='bbox 1466 3601 1595 3674; x_wconf 89' lang='lat' dir='ltr'><strong>templo</strong></span> 
     </span>
    </p>

    <p class='ocr_par' dir='ltr' id='par_1_34' title="bbox 271 3693 1595 3776">
     <span class='ocr_line' id='line_1_35' title="bbox 271 3693 1595 3776; baseline 0.002 -20"><span class='ocrx_word' id='word_1_376' title='bbox 271 3698 307 3756; x_wconf 86' lang='lat' dir='ltr'><strong>cl.</strong></span> <span class='ocrx_word' id='word_1_377' title='bbox 323 3697 361 3756; x_wconf 88' lang='lat' dir='ltr'><strong>ad</strong></span> <span class='ocrx_word' id='word_1_378' title='bbox 380 3701 436 3756; x_wconf 93' lang='lat' dir='ltr'><strong>n.1</strong></span> <span class='ocrx_word' id='word_1_379' title='bbox 453 3718 481 3774; x_wconf 90' lang='lat' dir='ltr'><strong>p.</strong></span> <span class='ocrx_word' id='word_1_380' title='bbox 493 3700 564 3774; x_wconf 76' lang='lat' dir='ltr'><strong>deq.</strong></span> <span class='ocrx_word' id='word_1_381' title='bbox 597 3695 711 3756; x_wconf 89' lang='lat' dir='ltr'><strong>Deinde</strong></span> <span class='ocrx_word' id='word_1_382' title='bbox 727 3697 839 3774; x_wconf 89' lang='lat' dir='ltr'><strong>plurali</strong></span> <span class='ocrx_word' id='word_1_383' title='bbox 852 3693 1084 3776; x_wconf 74' lang='grc' dir='ltr'><strong><em>ἅνανρόψαντας</em></strong></span> <span class='ocrx_word' id='word_1_384' title='bbox 1098 3699 1223 3771; x_wconf 87' lang='lat' dir='ltr'><strong>apparet</strong></span> <span class='ocrx_word' id='word_1_385' title='bbox 1237 3715 1295 3754; x_wconf 92' lang='lat' dir='ltr'><strong>non</strong></span> <span class='ocrx_word' id='word_1_386' title='bbox 1310 3695 1447 3771; x_wconf 85' lang='lat' dir='ltr'><strong>scribam,</strong></span> <span class='ocrx_word' id='word_1_387' title='bbox 1464 3700 1500 3755; x_wconf 94' lang='lat' dir='ltr'><strong>ut</strong></span> <span class='ocrx_word' id='word_1_388' title='bbox 1516 3697 1595 3759; x_wconf 84' lang='lat' dir='ltr'><strong>sere</strong></span> 
     </span>
    </p>

    <p class='ocr_par' dir='ltr' id='par_1_35' title="bbox 272 3793 1594 3873">
     <span class='ocr_line' id='line_1_36' title="bbox 272 3793 1594 3873; baseline 0.002 -19"><span class='ocrx_word' id='word_1_389' title='bbox 272 3795 399 3870; x_wconf 89' lang='lat' dir='ltr'><strong>solebat,</strong></span> <span class='ocrx_word' id='word_1_390' title='bbox 426 3796 532 3856; x_wconf 81' lang='lat' dir='ltr'><strong>stolam</strong></span> <span class='ocrx_word' id='word_1_391' title='bbox 559 3794 777 3856; x_wconf 78' lang='lat' dir='ltr'><strong>inscribendam</strong></span> <span class='ocrx_word' id='word_1_392' title='bbox 805 3796 980 3872; x_wconf 88' lang='lat' dir='ltr'><strong>suscepisse;</strong></span> <span class='ocrx_word' id='word_1_393' title='bbox 1007 3795 1103 3870; x_wconf 88' lang='lat' dir='ltr'><strong>ipsine</strong></span> <span class='ocrx_word' id='word_1_394' title='bbox 1125 3793 1336 3873; x_wconf 85' lang='lat' dir='ltr'><strong>Praxiergidee</strong></span> <span class='ocrx_word' id='word_1_395' title='bbox 1359 3797 1506 3871; x_wconf 88' lang='lat' dir='ltr'><strong>suscipere</strong></span> <span class='ocrx_word' id='word_1_396' title='bbox 1528 3795 1594 3857; x_wconf 89' lang='lat' dir='ltr'><strong>de-</strong></span> 
     </span>
    </p>

    <p class='ocr_par' dir='ltr' id='par_1_36' title="bbox 271 3891 1594 3970">
     <span class='ocr_line' id='line_1_37' title="bbox 271 3891 1594 3970; baseline 0.002 -18"><span class='ocrx_word' id='word_1_397' title='bbox 271 3891 420 3952; x_wconf 87' lang='lat' dir='ltr'><strong>buerunt?</strong></span> <span class='ocrx_word' id='word_1_398' title='bbox 443 3893 529 3954; x_wconf 81' lang='lat' dir='ltr'><strong>Certe</strong></span> <span class='ocrx_word' id='word_1_399' title='bbox 542 3896 701 3970; x_wconf 87' lang='lat' dir='ltr'><strong>insequens</strong></span> <span class='ocrx_word' id='word_1_400' title='bbox 720 3893 835 3968; x_wconf 88' lang='lat' dir='ltr'><strong>lacuna,</strong></span> <span class='ocrx_word' id='word_1_401' title='bbox 854 3893 908 3952; x_wconf 89' lang='lat' dir='ltr'><strong>ubi</strong></span> <span class='ocrx_word' id='word_1_402' title='bbox 925 3893 962 3952; x_wconf 92' lang='lat' dir='ltr'><strong>de</strong></span> <span class='ocrx_word' id='word_1_403' title='bbox 981 3895 1105 3968; x_wconf 89' lang='lat' dir='ltr'><strong>sumptu</strong></span> <span class='ocrx_word' id='word_1_404' title='bbox 1119 3892 1211 3952; x_wconf 88' lang='lat' dir='ltr'><strong>stelae</strong></span> <span class='ocrx_word' id='word_1_405' title='bbox 1226 3891 1380 3952; x_wconf 88' lang='lat' dir='ltr'><strong>tolerando</strong></span> <span class='ocrx_word' id='word_1_406' title='bbox 1397 3892 1594 3956; x_wconf 87' lang='lat' dir='ltr'><strong>hauddubie</strong></span> 
     </span>
    </p>

    <p class='ocr_par' dir='ltr' id='par_1_37' title="bbox 273 3987 1595 4070">
     <span class='ocr_line' id='line_1_38' title="bbox 273 3987 1595 4070; baseline 0.002 -18"><span class='ocrx_word' id='word_1_407' title='bbox 273 4011 368 4052; x_wconf 89' lang='lat' dir='ltr'><strong>sermo</strong></span> <span class='ocrx_word' id='word_1_408' title='bbox 387 3995 461 4066; x_wconf 87' lang='lat' dir='ltr'><strong>erat,</strong></span> <span class='ocrx_word' id='word_1_409' title='bbox 479 3991 518 4050; x_wconf 90' lang='lat' dir='ltr'><strong>ad</strong></span> <span class='ocrx_word' id='word_1_410' title='bbox 536 3991 657 4052; x_wconf 91' lang='lat' dir='ltr'><strong>solitum</strong></span> <span class='ocrx_word' id='word_1_411' title='bbox 676 3995 876 4069; x_wconf 90' lang='lat' dir='ltr'><strong>praeceptum,</strong></span> <span class='ocrx_word' id='word_1_412' title='bbox 895 3991 930 4050; x_wconf 89' lang='lat' dir='ltr'><strong>de</strong></span> <span class='ocrx_word' id='word_1_413' title='bbox 950 4011 1009 4067; x_wconf 91' lang='lat' dir='ltr'><strong>quo</strong></span> <span class='ocrx_word' id='word_1_414' title='bbox 1027 3991 1124 4068; x_wconf 87' lang='lat' dir='ltr'><strong>primo</strong></span> <span class='ocrx_word' id='word_1_415' title='bbox 1143 3991 1320 4070; x_wconf 81' lang='lat' dir='ltr'><strong>cogitaveris</strong></span> <span class='ocrx_word' id='word_1_416' title='bbox 1339 3988 1370 4049; x_wconf 88' lang='grc' dir='ltr'><strong>τὸ</strong></span> <span class='ocrx_word' id='word_1_417' title='bbox 1390 3987 1421 4050; x_wconf 74' lang='grc' dir='ltr'><strong><em>δὲ</em></strong></span> <span class='ocrx_word' id='word_1_418' title='bbox 1437 3987 1595 4070; x_wconf 83' lang='grc' dir='ltr'><strong><em>ἀργύριον</em></strong></span> 
     </span>
    </p>

    <p class='ocr_par' dir='ltr' id='par_1_38' title="bbox 273 4083 1594 4172">
     <span class='ocr_line' id='line_1_39' title="bbox 273 4083 1594 4172; baseline 0.001 -22"><span class='ocrx_word' id='word_1_419' title='bbox 273 4088 304 4150; x_wconf 84' lang='grc' dir='ltr'><strong>οἱ</strong></span> <span class='ocrx_word' id='word_1_420' title='bbox 324 4086 502 4168; x_wconf 67' lang='lat' dir='ltr'><strong>actussima</strong></span> <span class='ocrx_word' id='word_1_421' title='bbox 520 4091 567 4149; x_wconf 82' lang='lat' dir='ltr'><strong>vel</strong></span> <span class='ocrx_word' id='word_1_422' title='bbox 588 4088 620 4149; x_wconf 81' lang='lat' dir='ltr'><strong>cl</strong></span> <span class='ocrx_word' id='word_1_423' title='bbox 640 4089 740 4167; x_wconf 79' lang='grc' dir='ltr'><strong><em>ταμίαι</em></strong></span> <span class='ocrx_word' id='word_1_424' title='bbox 759 4097 810 4168; x_wconf 79' lang='grc' dir='ltr'><strong>τῆς</strong></span> <span class='ocrx_word' id='word_1_425' title='bbox 833 4093 908 4149; x_wconf 77' lang='grc' dir='ltr'><strong><em>θεοῦ</em></strong></span> <span class='ocrx_word' id='word_1_426' title='bbox 926 4089 1040 4150; x_wconf 82' lang='grc' dir='ltr'><strong><em>δόντων</em></strong></span> <span class='ocrx_word' id='word_1_427' title='bbox 1059 4090 1108 4148; x_wconf 84' lang='lat' dir='ltr'><strong>vix</strong></span> <span class='ocrx_word' id='word_1_428' title='bbox 1127 4089 1246 4162; x_wconf 86' lang='lat' dir='ltr'><strong>sufficit,</strong></span> <span class='ocrx_word' id='word_1_429' title='bbox 1269 4089 1359 4148; x_wconf 89' lang='lat' dir='ltr'><strong>immo</strong></span> <span class='ocrx_word' id='word_1_430' title='bbox 1379 4083 1478 4168; x_wconf 77' lang='lat' dir='ltr'><strong>[crisci</strong></span> <span class='ocrx_word' id='word_1_431' title='bbox 1496 4087 1594 4172; x_wconf 80' lang='grc' dir='ltr'><strong><em>δάν]-</em></strong></span> 
     </span>
    </p>

    <p class='ocr_par' dir='ltr' id='par_1_39' title="bbox 272 4181 1185 4268">
     <span class='ocr_line' id='line_1_40' title="bbox 272 4181 1185 4268; baseline -0.001 -21"><span class='ocrx_word' id='word_1_432' title='bbox 272 4210 330 4248; x_wconf 87' lang='grc' dir='ltr'><strong><em>τιον</em></strong></span> <span class='ocrx_word' id='word_1_433' title='bbox 353 4188 401 4248; x_wconf 85' lang='lat' dir='ltr'><strong>rel</strong></span> <span class='ocrx_word' id='word_1_434' title='bbox 425 4181 528 4267; x_wconf 80' lang='grc' dir='ltr'><strong><em>[τέλεσι</em></strong></span> <span class='ocrx_word' id='word_1_435' title='bbox 551 4193 611 4260; x_wconf 84' lang='grc' dir='ltr'><strong><em>τοῖς</em></strong></span> <span class='ocrx_word' id='word_1_436' title='bbox 634 4183 762 4268; x_wconf 84' lang='grc' dir='ltr'><strong><em>ἕαν]τῶν</em></strong></span> <span class='ocrx_word' id='word_1_437' title='bbox 785 4189 928 4265; x_wconf 83' lang='lat' dir='ltr'><strong>scriptum</strong></span> <span class='ocrx_word' id='word_1_438' title='bbox 951 4189 1041 4249; x_wconf 85' lang='lat' dir='ltr'><strong>luisse</strong></span> <span class='ocrx_word' id='word_1_439' title='bbox 1064 4189 1185 4249; x_wconf 85' lang='lat' dir='ltr'><strong>conicio.</strong></span> 
     </span>
    </p>
   </div>
   <div class='ocr_carea' id='block_1_3' title="bbox 1710 909 1713 1785">
    <p class='ocr_par' dir='ltr' id='par_1_40' title="bbox 1710 909 1713 1785">
     <span class='ocr_line' id='line_1_41' title="bbox 1710 909 1713 1785; baseline 0 0"><span class='ocrx_word' id='word_1_440' title='bbox 1710 909 1713 1785; x_wconf 95' lang='lat' dir='ltr'><strong> </strong></span> 
     </span>
    </p>
   </div>
   <div class='ocr_carea' id='block_1_4' title="bbox 272 4348 1594 4986">
    <p class='ocr_par' dir='ltr' id='par_1_41' title="bbox 362 4348 1594 4420">
     <span class='ocr_line' id='line_1_42' title="bbox 362 4348 1594 4420; baseline -0.001 -17"><span class='ocrx_word' id='word_1_441' title='bbox 362 4352 388 4418; x_wconf 83' lang='lat'><strong>4)</strong></span> <span class='ocrx_word' id='word_1_442' title='bbox 406 4349 595 4404; x_wconf 82' lang='lat' dir='ltr'><strong>litteraturam</strong></span> <span class='ocrx_word' id='word_1_443' title='bbox 614 4351 729 4405; x_wconf 89' lang='lat' dir='ltr'><strong>minime</strong></span> <span class='ocrx_word' id='word_1_444' title='bbox 747 4351 894 4405; x_wconf 80' lang='lat' dir='ltr'><strong>turritiert</strong></span> <span class='ocrx_word' id='word_1_445' title='bbox 911 4351 1004 4405; x_wconf 86' lang='lat' dir='ltr'><strong>vocari</strong></span> <span class='ocrx_word' id='word_1_446' title='bbox 1024 4365 1106 4420; x_wconf 87' lang='lat' dir='ltr'><strong>posse</strong></span> <span class='ocrx_word' id='word_1_447' title='bbox 1124 4367 1175 4404; x_wconf 89' lang='lat' dir='ltr'><strong>nec</strong></span> <span class='ocrx_word' id='word_1_448' title='bbox 1193 4348 1362 4404; x_wconf 89' lang='lat' dir='ltr'><strong>Koehlerum</strong></span> <span class='ocrx_word' id='word_1_449' title='bbox 1380 4349 1472 4418; x_wconf 89' lang='lat' dir='ltr'><strong>ipsum</strong></span> <span class='ocrx_word' id='word_1_450' title='bbox 1492 4350 1594 4410; x_wconf 73' lang='lat' dir='ltr'><strong>fuisse</strong></span> 
     </span>
    </p>

    <p class='ocr_par' dir='ltr' id='par_1_42' title="bbox 272 4429 1594 4986">
     <span class='ocr_line' id='line_1_43' title="bbox 273 4429 1594 4502; baseline 0.003 -19"><span class='ocrx_word' id='word_1_451' title='bbox 273 4429 315 4484; x_wconf 87' lang='lat' dir='ltr'><strong>ita</strong></span> <span class='ocrx_word' id='word_1_452' title='bbox 334 4431 509 4495; x_wconf 88' lang='lat' dir='ltr'><strong>vocaturum,</strong></span> <span class='ocrx_word' id='word_1_453' title='bbox 533 4430 557 4484; x_wconf 91' lang='lat' dir='ltr'><strong>si</strong></span> <span class='ocrx_word' id='word_1_454' title='bbox 576 4430 674 4485; x_wconf 89' lang='lat' dir='ltr'><strong>titulos</strong></span> <span class='ocrx_word' id='word_1_455' title='bbox 693 4429 804 4486; x_wconf 85' lang='lat' dir='ltr'><strong>interim</strong></span> <span class='ocrx_word' id='word_1_456' title='bbox 828 4431 858 4485; x_wconf 90' lang='lat' dir='ltr'><strong>in</strong></span> <span class='ocrx_word' id='word_1_457' title='bbox 878 4446 941 4485; x_wconf 89' lang='lat' dir='ltr'><strong>arce</strong></span> <span class='ocrx_word' id='word_1_458' title='bbox 959 4433 1085 4500; x_wconf 86' lang='lat' dir='ltr'><strong>repertos</strong></span> <span class='ocrx_word' id='word_1_459' title='bbox 1109 4432 1165 4485; x_wconf 92' lang='lat' dir='ltr'><strong>iarn</strong></span> <span class='ocrx_word' id='word_1_460' title='bbox 1184 4431 1312 4502; x_wconf 76' lang='lat' dir='ltr'><strong>cognitos</strong></span> <span class='ocrx_word' id='word_1_461' title='bbox 1330 4429 1487 4495; x_wconf 84' lang='lat' dir='ltr'><strong>habuisset,</strong></span> <span class='ocrx_word' id='word_1_462' title='bbox 1508 4429 1594 4488; x_wconf 89' lang='lat' dir='ltr'><strong>Wil-</strong></span> 
     </span>
     <span class='ocr_line' id='line_1_44' title="bbox 272 4508 1593 4581; baseline 0.004 -18"><span class='ocrx_word' id='word_1_463' title='bbox 272 4508 349 4564; x_wconf 90' lang='lat' dir='ltr'><strong>helm</strong></span> <span class='ocrx_word' id='word_1_464' title='bbox 368 4511 469 4565; x_wconf 87' lang='lat' dir='ltr'><strong>statuit</strong></span> <span class='ocrx_word' id='word_1_465' title='bbox 488 4513 516 4565; x_wconf 91' lang='lat' dir='ltr'><strong>et</strong></span> <span class='ocrx_word' id='word_1_466' title='bbox 535 4511 688 4566; x_wconf 87' lang='lat' dir='ltr'><strong>cavendum</strong></span> <span class='ocrx_word' id='word_1_467' title='bbox 707 4527 776 4578; x_wconf 85' lang='lat' dir='ltr'><strong>esse,</strong></span> <span class='ocrx_word' id='word_1_468' title='bbox 795 4529 830 4566; x_wconf 92' lang='lat' dir='ltr'><strong>ne</strong></span> <span class='ocrx_word' id='word_1_469' title='bbox 849 4514 972 4566; x_wconf 87' lang='lat' dir='ltr'><strong>aetatem</strong></span> <span class='ocrx_word' id='word_1_470' title='bbox 991 4511 1063 4580; x_wconf 81' lang='lat' dir='ltr'><strong>legis</strong></span> <span class='ocrx_word' id='word_1_471' title='bbox 1082 4512 1244 4566; x_wconf 84' lang='lat' dir='ltr'><strong>definientes</strong></span> <span class='ocrx_word' id='word_1_472' title='bbox 1264 4513 1379 4581; x_wconf 88' lang='lat' dir='ltr'><strong>propter</strong></span> <span class='ocrx_word' id='word_1_473' title='bbox 1393 4509 1535 4580; x_wconf 83' lang='lat' dir='ltr'><strong>datplur.</strong></span> <span class='ocrx_word' id='word_1_474' title='bbox 1553 4515 1593 4570; x_wconf 91' lang='lat' dir='ltr'><strong>in</strong></span> 
     </span>
     <span class='ocr_line' id='line_1_45' title="bbox 274 4591 1409 4662; baseline 0.001 -18"><span class='ocrx_word' id='word_1_475' title='bbox 274 4610 337 4652; x_wconf 77' lang='grc' dir='ltr'><strong><em>-αις</em></strong></span> <span class='ocrx_word' id='word_1_476' title='bbox 355 4593 388 4658; x_wconf 81' lang='lat' dir='ltr'><strong>(v.</strong></span> <span class='ocrx_word' id='word_1_477' title='bbox 406 4593 449 4658; x_wconf 74' lang='lat'><strong>12)</strong></span> <span class='ocrx_word' id='word_1_478' title='bbox 468 4591 586 4646; x_wconf 90' lang='lat' dir='ltr'><strong>nimium</strong></span> <span class='ocrx_word' id='word_1_479' title='bbox 604 4591 635 4646; x_wconf 91' lang='lat' dir='ltr'><strong>in</strong></span> <span class='ocrx_word' id='word_1_480' title='bbox 653 4591 772 4646; x_wconf 88' lang='lat' dir='ltr'><strong>alteram</strong></span> <span class='ocrx_word' id='word_1_481' title='bbox 786 4592 810 4646; x_wconf 88' lang='lat' dir='ltr'><strong>V</strong></span> <span class='ocrx_word' id='word_1_482' title='bbox 826 4592 930 4648; x_wconf 88' lang='lat' dir='ltr'><strong>saeculi</strong></span> <span class='ocrx_word' id='word_1_483' title='bbox 949 4595 1060 4662; x_wconf 87' lang='lat' dir='ltr'><strong>partem</strong></span> <span class='ocrx_word' id='word_1_484' title='bbox 1079 4592 1288 4659; x_wconf 85' lang='lat' dir='ltr'><strong>descendamus,</strong></span> <span class='ocrx_word' id='word_1_485' title='bbox 1306 4593 1409 4646; x_wconf 88' lang='lat' dir='ltr'><strong>monet.</strong></span> 
     </span>
     <span class='ocr_line' id='line_1_46' title="bbox 273 4670 1593 4746; baseline 0.002 -22"><span class='ocrx_word' id='word_1_486' title='bbox 273 4709 277 4716; x_wconf 85' lang='lat'>·</span> <span class='ocrx_word' id='word_1_487' title='bbox 364 4673 391 4740; x_wconf 82' lang='grc' dir='ltr'><strong>ὁ)</strong></span> <span class='ocrx_word' id='word_1_488' title='bbox 409 4670 483 4724; x_wconf 90' lang='lat' dir='ltr'><strong>Plnt.</strong></span> <span class='ocrx_word' id='word_1_489' title='bbox 498 4670 562 4725; x_wconf 84' lang='lat' dir='ltr'><strong>Alk.</strong></span> <span class='ocrx_word' id='word_1_490' title='bbox 578 4677 612 4726; x_wconf 79' lang='lat' dir='ltr'><strong>st</strong></span> <span class='ocrx_word' id='word_1_491' title='bbox 631 4673 732 4740; x_wconf 75' lang='grc' dir='ltr'><strong><em>ἐδρᾶτο</em></strong></span> <span class='ocrx_word' id='word_1_492' title='bbox 751 4671 786 4726; x_wconf 83' lang='grc' dir='ltr'><strong>τὰ</strong></span> <span class='ocrx_word' id='word_1_493' title='bbox 805 4671 966 4740; x_wconf 73' lang='grc' dir='ltr'><strong><em>Πλυντήρια</em></strong></span> <span class='ocrx_word' id='word_1_494' title='bbox 985 4681 1018 4744; x_wconf 78' lang='grc' dir='ltr'><strong>τῇ</strong></span> <span class='ocrx_word' id='word_1_495' title='bbox 1038 4677 1108 4746; x_wconf 76' lang='grc' dir='ltr'><strong>θεῷ·</strong></span> <span class='ocrx_word' id='word_1_496' title='bbox 1133 4673 1218 4738; x_wconf 83' lang='grc' dir='ltr'><strong><em>δρῶσι</em></strong></span> <span class='ocrx_word' id='word_1_497' title='bbox 1235 4671 1267 4727; x_wconf 74' lang='grc' dir='ltr'><strong><em>δὲ</em></strong></span> <span class='ocrx_word' id='word_1_498' title='bbox 1286 4671 1321 4726; x_wconf 84' lang='grc' dir='ltr'><strong>τὰ</strong></span> <span class='ocrx_word' id='word_1_499' title='bbox 1340 4671 1422 4740; x_wconf 80' lang='grc' dir='ltr'><strong><em>ὄργια</em></strong></span> <span class='ocrx_word' id='word_1_500' title='bbox 1440 4673 1593 4741; x_wconf 79' lang='grc' dir='ltr'><strong><em>Πραξιερ-</em></strong></span> 
     </span>
     <span class='ocr_line' id='line_1_47' title="bbox 274 4749 1593 4824; baseline 0.003 -20"><span class='ocrx_word' id='word_1_501' title='bbox 274 4749 353 4821; x_wconf 79' lang='grc' dir='ltr'><strong><em>γίδαι</em></strong></span> <span class='ocrx_word' id='word_1_502' title='bbox 374 4751 570 4820; x_wconf 73' lang='grc' dir='ltr'><strong><em>Θαργηλιῶνος</em></strong></span> <span class='ocrx_word' id='word_1_503' title='bbox 597 4751 662 4824; x_wconf 74' lang='grc' dir='ltr'><strong>ἕκτῃ</strong></span> <span class='ocrx_word' id='word_1_504' title='bbox 689 4749 845 4820; x_wconf 79' lang='grc' dir='ltr'><strong><em>φθίνοντος</em></strong></span> <span class='ocrx_word' id='word_1_505' title='bbox 871 4750 1020 4823; x_wconf 77' lang='grc' dir='ltr'><strong><em>ἀπόρρητα</em></strong></span> <span class='ocrx_word' id='word_1_506' title='bbox 1042 4749 1091 4806; x_wconf 91' lang='grc' dir='ltr'><strong>τόν</strong></span> <span class='ocrx_word' id='word_1_507' title='bbox 1114 4771 1142 4806; x_wconf 81' lang='grc' dir='ltr'><strong>τε</strong></span> <span class='ocrx_word' id='word_1_508' title='bbox 1165 4749 1270 4819; x_wconf 75' lang='grc' dir='ltr'><strong><em>κόσμον</em></strong></span> <span class='ocrx_word' id='word_1_509' title='bbox 1288 4750 1458 4813; x_wconf 71' lang='grc' dir='ltr'><strong><em>καθελόντες</em></strong></span> <span class='ocrx_word' id='word_1_510' title='bbox 1480 4752 1531 4805; x_wconf 75' lang='lat' dir='ltr'><strong>aul</strong></span> <span class='ocrx_word' id='word_1_511' title='bbox 1550 4758 1593 4812; x_wconf 81' lang='grc' dir='ltr'><strong>τὸ</strong></span> 
     </span>
     <span class='ocr_line' id='line_1_48' title="bbox 275 4830 1592 4905; baseline 0.001 -19"><span class='ocrx_word' id='word_1_512' title='bbox 275 4831 338 4893; x_wconf 77' lang='grc' dir='ltr'><strong><em>ἕδος</em></strong></span> <span class='ocrx_word' id='word_1_513' title='bbox 360 4831 621 4902; x_wconf 73' lang='grc' dir='ltr'><strong><em>ιιαταααλόψαντεςς</em></strong></span> <span class='ocrx_word' id='word_1_514' title='bbox 646 4831 765 4901; x_wconf 82' lang='lat' dir='ltr'><strong>Hesych.</strong></span> <span class='ocrx_word' id='word_1_515' title='bbox 786 4851 806 4886; x_wconf 90' lang='lat' dir='ltr'><strong>s.</strong></span> <span class='ocrx_word' id='word_1_516' title='bbox 826 4850 849 4888; x_wconf 89' lang='lat' dir='ltr'><strong>v.</strong></span> <span class='ocrx_word' id='word_1_517' title='bbox 868 4830 1085 4902; x_wconf 75' lang='grc' dir='ltr'><strong><em>Πραξιεργίδαι·</em></strong></span> <span class='ocrx_word' id='word_1_518' title='bbox 1111 4831 1139 4886; x_wconf 82' lang='grc' dir='ltr'><strong>οἱ</strong></span> <span class='ocrx_word' id='word_1_519' title='bbox 1157 4831 1188 4885; x_wconf 83' lang='grc' dir='ltr'><strong>τὸ</strong></span> <span class='ocrx_word' id='word_1_520' title='bbox 1207 4833 1326 4902; x_wconf 73' lang='grc' dir='ltr'><strong><em>ἀρχαῖον</em></strong></span> <span class='ocrx_word' id='word_1_521' title='bbox 1350 4831 1414 4893; x_wconf 75' lang='grc' dir='ltr'><strong><em>ἕδος</em></strong></span> <span class='ocrx_word' id='word_1_522' title='bbox 1431 4839 1480 4901; x_wconf 75' lang='grc' dir='ltr'><strong>τῆς</strong></span> <span class='ocrx_word' id='word_1_523' title='bbox 1500 4831 1592 4905; x_wconf 68' lang='grc' dir='ltr'><strong><em>Ἀδη-</em></strong></span> 
     </span>
     <span class='ocr_line' id='line_1_49' title="bbox 275 4911 1524 4986; baseline -0.002 -18"><span class='ocrx_word' id='word_1_524' title='bbox 275 4920 326 4973; x_wconf 85' lang='grc' dir='ltr'><strong>νᾶς</strong></span> <span class='ocrx_word' id='word_1_525' title='bbox 344 4912 559 4986; x_wconf 77' lang='grc' dir='ltr'><strong><em>ιἰμφιεννόντεςς</em></strong></span> <span class='ocrx_word' id='word_1_526' title='bbox 578 4912 660 4986; x_wconf 89' lang='lat' dir='ltr'><strong>plura</strong></span> <span class='ocrx_word' id='word_1_527' title='bbox 678 4913 732 4966; x_wconf 86' lang='lat' dir='ltr'><strong>rid.</strong></span> <span class='ocrx_word' id='word_1_528' title='bbox 750 4912 824 4982; x_wconf 88' lang='lat' dir='ltr'><strong>apud</strong></span> <span class='ocrx_word' id='word_1_529' title='bbox 844 4913 998 4970; x_wconf 80' lang='lat' dir='ltr'><strong>Mommsen</strong></span> <span class='ocrx_word' id='word_1_530' title='bbox 1018 4913 1096 4968; x_wconf 69' lang='lat' dir='ltr'><strong>l&#39;csle</strong></span> <span class='ocrx_word' id='word_1_531' title='bbox 1114 4913 1140 4967; x_wconf 88' lang='lat' dir='ltr'><strong>d.</strong></span> <span class='ocrx_word' id='word_1_532' title='bbox 1156 4911 1236 4967; x_wconf 71' lang='lat' dir='ltr'><strong>sade</strong></span> <span class='ocrx_word' id='word_1_533' title='bbox 1255 4913 1343 4967; x_wconf 74' lang='grc' dir='ltr'><strong><em>Αδιοτι</em></strong></span> <span class='ocrx_word' id='word_1_534' title='bbox 1363 4929 1390 4982; x_wconf 91' lang='lat' dir='ltr'><strong>p.</strong></span> <span class='ocrx_word' id='word_1_535' title='bbox 1405 4917 1454 4966; x_wconf 76' lang='lat' dir='ltr'><strong>sel</strong></span> <span class='ocrx_word' id='word_1_536' title='bbox 1463 4929 1524 4981; x_wconf 88' lang='lat' dir='ltr'><strong>sqq.</strong></span> 
     </span>
    </p>
   </div>
   <div class='ocr_carea' id='block_1_5' title="bbox 0 0 1716 5462">
    <p class='ocr_par' dir='ltr' id='par_1_43' title="bbox 0 0 1716 5462">
     <span class='ocr_line' id='line_1_50' title="bbox 0 0 1716 5462; baseline 0 0"><span class='ocrx_word' id='word_1_537' title='bbox 0 0 1716 5462; x_wconf 95' lang='lat' dir='ltr'><strong> </strong></span> 
     </span>
    </p>
   </div>
  </div>
 </body>
</html>
