3426 5462
684 321 841 378 ATTlonn
860 341 886 376 n.
907 331 922 376 6
1319 389 1325 427 t
1414 325 1455 390 27

146 507 235 568 nego
276 490 427 564 Pauperee
445 509 516 550 sane
535 493 653 569 saepius
671 512 726 568 pro
745 492 863 569 hostiis,
883 512 956 570 quas
975 495 1032 554 rite
1052 495 1109 553 diis
1128 493 1283 568 debebant,
1306 495 1459 570 placentas

146 589 180 648 in
205 590 371 649 hostiarum
393 589 505 649 formas
529 589 663 650 redactas
687 591 902 669 sacrificabant,
925 592 976 652 sed
1000 613 1154 669 nunquam
1174 594 1291 666 publice
1313 593 1368 653 hoc
1391 595 1460 654 lice-

147 687 204 747 bat
226 687 284 748 nisi
308 690 446 762 extremis
470 681 673 769 angustiis33),
697 689 803 765 quibus
827 690 949 750 Periclis
973 693 1079 768 opinor
1106 693 1243 768 tempora
1265 711 1323 751 non
1348 709 1460 752 coerce·

148 786 268 846 bantur.
315 785 412 856 Quare
440 789 494 846 aut
521 789 577 846 rite
605 787 750 848 eiusmodi
777 789 933 865 placentae
961 789 1203 850 sacrificabantur
1231 791 1373 867 nefasque
1397 794 1462 850 erat

150 887 307 944 cruentare
330 904 426 960 aram,
449 905 604 962 nunquam
632 886 726 964 igitur
752 886 857 946 hostiis
885 889 917 946 in
940 887 995 948 boc
1018 888 1162 948 sacrificio
1184 889 1230 946 uti
1258 888 1380 965 licebat,
1410 892 1462 948 aut

149 1017 195 1026 -—
217 984 250 1042 id
278 982 358 1060 quod
384 984 552 1044 rationibus
581 983 643 1044 illis
672 988 797 1061 apparet
819 1018 863 1026 —
885 985 997 1046 fiebant
1026 987 1156 1062 hostiae,
1186 1005 1337 1062 nunquam
1366 989 1462 1066 igitur

151 1103 255 1144 earum
273 1083 371 1142 locum
388 1081 544 1158 placentae
563 1081 696 1141 obtinere
721 1086 867 1160 poterant.
905 1085 1010 1161 Itaque
1034 1087 1232 1145 certissimum
1250 1085 1324 1144 mihi
1344 1086 1464 1146 videtur

148 1183 274 1256 hostias,
297 1200 356 1240 non
379 1181 533 1257 placentas
553 1181 618 1240 loco
639 1185 740 1242 nostro
761 1181 819 1243 dici
839 1185 929 1260 atque
948 1182 1039 1242 verba
1057 1181 1109 1256 τὰς
1128 1181 1159 1243 δὲ
1178 1179 1267 1256 tasas
1286 1180 1394 1264 κριθὰς
1412 1181 1461 1244 καὶ

149 1277 266 1361 πυροὺς
289 1271 507 1362 διαδαῖροὸἱιιι
526 1297 590 1339 esse
608 1281 815 1360 neglegentiae
833 1282 951 1341 cuidam
971 1283 1114 1342 sermonis
1132 1281 1201 1342 inde
1224 1283 1350 1342 fortasse
1370 1285 1462 1357 ortae,

150 1377 231 1456 qnod
254 1379 437 1438 trumentum
460 1379 521 1436 iam
545 1380 706 1454 antequam
729 1381 837 1453 veniit,
864 1399 919 1456 pro
941 1381 1054 1456 triplici
1080 1400 1137 1440 usu
1161 1373 1316 1461 (πείανόν,
1339 1381 1462 1457 hostias,

151 1478 278 1537 donanis
301 1468 382 1559 dico)
405 1477 559 1553 tripertito
582 1473 763 1539 dividebant.
786 1510 826 1519 —
846 1498 873 1537 v.
894 1479 935 1538 38
951 1497 993 1554 sq.
1017 1487 1069 1538 τῶι
1090 1479 1167 1539 sess
1185 1475 1234 1537 καὶ
1253 1487 1301 1557 τῆι
1322 1479 1394 1539 osas
1412 1475 1462 1538 καὶ

150 1584 203 1636 τῶι
235 1574 408 1653 Εὕβούλαιι
441 1575 544 1634 eadem
577 1575 698 1636 trinitas
731 1577 821 1635 etiam
858 1578 889 1635 in
921 1577 1077 1637 notissimo
1110 1577 1280 1656 anaglypho
1313 1578 1462 1654 apparuit,

152 1674 231 1751 quod
257 1673 407 1733 dedicavit
430 1673 634 1754 Λακρατείδης
658 1673 836 1756 Σωστράτου
857 1666 997 1757 Ἰιιαριειὶς
1021 1673 1114 1754 ἱερεὺς
1139 1675 1216 1735 Θεοῦ
1240 1673 1289 1734 τιαὶ
1315 1675 1391 1746 Θεᾶς
1413 1672 1463 1734 snt

151 1763 389 1852 Εὐβουλίωςὶίμ
413 1771 608 1832 difficillime
631 1772 667 1832 de
690 1774 798 1832 natura
820 1773 927 1832 horum
950 1765 1117 1854 deorum⁸⁶)
1138 1773 1305 1850 quaestioni
1323 1773 1462 1832 hocloco

150 1872 222 1931 nolo
250 1871 368 1949 longius
395 1872 547 1945 insistere,
579 1872 616 1929 cf.
639 1874 741 1931 tamen
773 1873 864 1931 etiam
896 1873 992 1949 legem
1019 1874 1175 1948 antiquam
1203 1892 1231 1930 n.
1252 1873 1281 1948 2,
1303 1871 1356 1930 ubi
1383 1871 1463 1948 quod

150 1971 237 2029 nulla
260 1988 362 2030 eorum
385 1971 498 2028 mentio
520 1969 563 2043 fit,
587 1973 737 2046 utcunque
761 1970 936 2046 explicatur,
961 1969 1172 2048 gravissimum
1195 1973 1248 2031 cst.

243 2087 269 2128 v.
295 2070 337 2128 54
347 2087 389 2143 sq.
414 2066 504 2126 verba
527 2066 578 2127 τὺα
609 2064 641 2127 δὲ
668 2065 788 2146 βασιλέα
816 2065 913 2148 ὁρίσαι
940 2067 975 2128 ιὰ
1003 2065 1066 2148 ised
1089 2071 1146 2128 κτλ.
1170 2073 1250 2128 recte
1273 2069 1404 2128 Foucart
1426 2069 1463 2128 de

151 2166 270 2227 sacellis
297 2165 464 2226 limitandis
491 2166 653 2242 intellexit,
684 2167 719 2226 cf.
743 2187 772 2226 n.
793 2168 832 2225 13
860 2167 895 2226 de
924 2167 995 2226 fano
1021 2167 1110 2226 (lodri
1136 2167 1222 2226 Nelei
1248 2167 1367 2226 Basilae
1395 2169 1462 2227 ad

151 2262 203 2325 τιαὶ
226 2263 296 2336 τοὺς
319 2261 435 2341 ὁριστὰς
458 2261 623 2342 ἐπιπέμψαι
647 2260 800 2342 cipionis&
824 2263 887 2344 ἱερὰ
907 2273 1007 2343 ταῦτα,
1031 2261 1112 2337 ὅπως
1134 2260 1172 2323 διν
1191 2263 1241 2348 ίχῃ
1265 2260 1305 2336 ὠς
1332 2262 1463 2344 βέλτιστα

151 2360 203 2424 ιιαὶ
235 2360 432 2442 εὐσεβέστατα.
488 2360 631 2422 Solebant
661 2366 761 2422 autem
794 2359 906 2442 ὁρισταὶ
938 2363 993 2422 hoc
1025 2383 1146 2423 munere
1178 2364 1277 2441 tingi,
1310 2365 1346 2423 cf.
1371 2363 1462 2423 Belrls.

152 2461 264 2522 Anecd.
282 2463 355 2535 287,
366 2463 421 2522 20:
445 2457 557 2546 ὁρισταὶ
576 2458 649 2541 ἀρχή
669 2461 712 2532 τίς
730 2458 819 2541 ἐστιν,
841 2459 906 2538 ἥτις
929 2459 1062 2540 ἀφορίζει
1081 2459 1115 2522 τδι
1135 2461 1196 2522 ἴδια
1214 2458 1263 2520 ιιαὶ
1281 2459 1317 2520 τὸι
1335 2460 1464 2539 δημόσια

152 2557 376 2636 οἰκοδομήματα
405 2558 479 2638 ττρδς
509 2557 544 2619 τὰ
571 2558 664 2618 οἰκεῖα
696 2557 819 2620 ἑκάστου
847 2556 936 2638 μίτρα
962 2557 1059 2638 ὥσπερ
1091 2556 1167 2632 τινὲς
1195 2556 1276 2630 ὄντες
1306 2556 1464 2639 γεωμέτραι

152 2655 204 2718 τιαὶ
227 2652 417 2738 ὁριοδείιιται,
441 2661 531 2733 atque
555 2645 797 2718 Heracleensium
820 2658 942 2734 quidem
964 2655 1077 2738 ὁρισταὶ
1099 2659 1249 2718 notissimi
1272 2661 1342 2717 sunt
1365 2650 1464 2739 (OIG

154 2757 242 2816 5774
266 2775 293 2814 v.
314 2748 357 2838 6).
404 2755 510 2832 Itaque
538 2776 574 2815 ne
596 2757 653 2815 hac
676 2755 795 2832 quidem
822 2757 887 2834 lege
916 2757 1076 2832 quicquam
1096 2756 1187 2816 aliud
1214 2755 1383 2816 decernitur
1406 2755 1465 2816 nisi

152 2857 189 2914 ut
210 2873 263 2914 rex
285 2873 339 2931 per
360 2853 494 2914 finitores
517 2855 626 2914 sacella
647 2854 778 2914 finienda
800 2859 891 2915 curet.
929 2855 973 2913 De
995 2874 1066 2914 eura
1084 2856 1222 2914 fanorum
1240 2854 1304 2932 regi
1322 2854 1464 2914 mandata

153 2955 191 3013 cl.
211 2973 239 3013 n.
257 2955 296 3012 13
320 2953 433 3029 passim
456 2955 487 3012 et
509 2973 537 3010 n.
554 2955 595 3012 34
618 2972 646 3011 v.
664 2956 714 3012 12.

245 3131 275 3186 5.
294 3131 418 3186 Marmor
434 3129 609 3187 Pentelicum
628 3131 695 3187 olim
714 3137 746 3187 ut
764 3131 875 3187 videtur
889 3131 1068 3201 quadratum,
1087 3131 1166 3186 cuius
1181 3149 1252 3186 unus
1266 3147 1364 3202 margo
1379 3133 1465 3198 extat,

153 3229 172 3266 a
191 3210 301 3266 duobus
321 3229 393 3281 quas
410 3212 520 3281 reliqua
539 3215 606 3266 sunt
623 3212 760 3267 lateribus
780 3213 934 3285 ’στοιχηδὸν
956 3212 1135 3282 inscriptum,
1160 3215 1271 3266 erutum
1289 3210 1465 3278 Eleusine,

152 3292 205 3346 ubi
218 3309 294 3346 nnnc
308 3292 337 3346 in
352 3309 457 3347 museo.
485 3293 536 3348 Ed.
547 3292 695 3348 Kirchhoff
706 3310 740 3347 ex
754 3293 918 3364 apographo
933 3293 1067 3362 Lollingii
1076 3295 1098 3346 Ι
1101 3294 1127 3348 G
1139 3291 1153 3345 I
1167 3291 1259 3362 suppl.
1274 3311 1301 3362 p.
1313 3297 1346 3346 64
1361 3309 1387 3345 u.
1399 3298 1464 3346 oba.

154 3373 254 3427 Denuo
272 3373 303 3427 in
321 3389 415 3428 meum
433 3389 515 3428 usum
534 3375 683 3444 exscripsit
700 3373 724 3428 J.
744 3373 780 3428 de
798 3373 886 3429 Prott.

371 3753 883 3764 --------
929 3702 1135 3820 ἐπορχεεὶδα
1175 3753 1213 3760 -
1245 3753 1280 3762 —

229 3894 274 3962 ιι)
293 3876 422 3962 arnapa
441 3891 558 3964 nuens
576 3893 691 3962 sanga
709 3895 805 3949 sacre.
824 3894 846 3960 s.
865 3894 938 3948 Ριιι.
961 3896 1027 3947 see1
1047 3910 1075 3961 p.
1091 3896 1151 3946 eae.
1403 3963 1407 3970 ,

228 3976 275 4043 34)
294 3972 400 4042 optime
417 3989 493 4028 nunc
511 3974 588 4044 apud
606 3974 754 4043 Heberdey
774 3975 908 4030 Festecbr.
927 3975 948 4041 s.
966 3973 1120 4039 Bsacdors
1134 3990 1162 4042 p.
1178 3978 1227 4025 111
1239 3987 1299 4040 sqq.

228 4057 274 4123 36)
307 4052 343 4107 de
370 4053 497 4109 Eubuleo
525 4057 637 4125 praeter
661 4056 770 4109 Atticos
798 4053 896 4109 titulos
923 4052 1091 4124 gnavismma
1115 4054 1182 4106 sunt
1204 4050 1359 4105 insularum
1388 4050 1467 4105 testi·

155 4133 265 4200 monia,
295 4150 367 4204 quae
394 4133 441 4188 hic
469 4151 619 4204 congerere
647 4153 662 4191 e
690 4151 719 4189 re
747 4134 869 4190 videtur:
893 4133 958 4188 Pari
987 4133 1036 4187 16
1055 4132 1106 4186 XII
1130 4138 1146 4186 5
1169 4151 1195 4186 n.
1216 4137 1281 4184 227:
1308 4128 1466 4200 Ἐρασίτιιτη

159 4213 314 4283 Θράσωνος
330 4212 404 4287 Ἥρῃ
427 4215 555 4286 Δήμητρι
576 4216 748 4291 θεσμοφόρρι
774 4217 822 4270 καὶ
840 4213 920 4287 Κόρῃ
943 4213 993 4268 καὶ
1010 4215 1059 4268 Διὶ
1084 4214 1222 4284 Εὐβουλεῖ
1243 4213 1292 4265 καὶ
1316 4213 1412 4284 Βαβαῖ,
1432 4243 1464 4252 -

157 4293 274 4364 Amorgi
293 4293 389 4363 (MAI
401 4293 415 4347 1
429 4301 481 4348 334
500 4313 519 4348 u
543 4298 583 4364 tl:
607 4295 733 4364 Δήμητρι
752 4293 842 4365 Κόρηι
861 4296 909 4348 Διὶ
929 4295 1068 4367 Εὐβουλεῖ
1085 4289 1230 4362 Δημοδίκη
1251 4289 1380 4362 Σίμωνος
1404 4290 1467 4346 ἀνέ-

155 4379 257 4444 θηκεν.
278 4406 311 4414 -
331 4373 444 4442 blyconi
463 4375 561 4445 (Prott.
578 4377 613 4430 F.
628 4382 644 4430 4
664 4393 688 4429 v.
705 4382 736 4430 16
748 4379 819 4446 sqq.)
835 4383 1001 4445 Ληναιῶνος
1019 4373 1122 4446 δεκάτῃ
1142 4375 1173 4426 fit
1187 4372 1314 4443 Δήμητρι
1333 4374 1362 4427 et
1376 4369 1467 4441 Κίρηι

157 4457 187 4510 et
205 4453 255 4509 Διὶ
269 4457 375 4509 Bootes.
392 4476 424 4496 -·
439 4453 563 4510 Deliacis
578 4455 700 4525 denique
719 4455 748 4509 in
767 4455 924 4509 rationibus
941 4453 1047 4526 legitm
1065 4456 1103 4522 (Β
1110 4455 1170 4510 ΟΗ
1186 4457 1255 4508 1906
1273 4470 1300 4522 p.
1318 4458 1350 4505 72
1369 4469 1393 4506 v.
1409 4453 1466 4522 69):

156 4531 193 4600 τὶς
210 4535 338 4606 ἐγκύμων
357 4536 397 4597 είς
414 4534 522 4591 θυσίαν
541 4543 586 4606 τῆι
605 4535 730 4605 Δήμητρι
751 4539 797 4588 ΔΡ
820 4537 868 4590 καὶ
892 4534 959 4590 ὥστε
983 4541 1029 4603 sip
1048 4532 1138 4602 Κόρηι
1157 4533 1259 4600 ἱερεῖον
1277 4535 1399 4586 Mitti
1419 4533 1467 4586 καὶ

157 4615 207 4670 Διὶ
222 4615 363 4688 Είβοοίεῖ
379 4614 482 4684 ἱερεῖον
500 4618 573 4670 ΔΗ.
603 4615 683 4670 Unde
697 4616 772 4670 Korn
788 4617 870 4672 MAI
882 4615 947 4669 xvi
960 4633 987 4684 p.
1004 4621 1085 4684 lsqq.
1105 4613 1235 4668 Eleusine
1250 4630 1360 4682 quoque
1375 4612 1467 4667 Iovem

156 4694 300 4751 Eubulum
315 4695 371 4750 dici
387 4695 516 4762 coniecit,
531 4696 580 4751 sed
595 4697 704 4768 origine
719 4695 762 4750 sui
776 4694 899 4750 numinis
913 4695 999 4750 finisse
1014 4695 1098 4750 deum
1112 4693 1211 4763 utique
1225 4694 1377 4748 tenendum
1392 4692 1467 4747 vide·

156 4780 204 4832 tur
218 4775 425 4848 (lurtwttngler
439 4777 638 4834 Meistcrwsrlcc
650 4795 678 4848 p.
693 4783 754 4846 662,
769 4777 876 4832 Usener
892 4777 1083 4831 Gotteracmea
1099 4792 1124 4844 p.
1137 4776 1259 4830 isonat.
1275 4779 1299 4840 t,
1318 4771 1468 4841 Heberdey

157 4861 174 4914 l.
191 4875 215 4912 c.
234 4875 263 4928 p.
278 4859 349 4926 116).
379 4856 418 4912 Cl'.
437 4858 523 4912 etiarn
542 4875 615 4926 quae
633 4857 792 4927 nuperrime
812 4858 846 4911 de
866 4855 991 4910 Eubuleo
1011 4855 1163 4926 diligenter
1181 4854 1336 4925 disputavit
1353 4852 1468 4922 Prings-

157 4938 234 4994 beim
253 4936 271 4992 l.
287 4954 310 4992 c.
331 4957 357 5007 p.
373 4943 406 4991 67
427 4941 455 4992 ct
474 4943 508 4992 90
519 4957 578 5008 qq.
