3450 5458
269 295 331 362 142
784 293 899 352 LEGES
921 294 1061 352 SACRAE

269 467 373 542 ulique
398 466 436 525 ad
459 468 580 543 nuptias
605 485 707 526 eorum
730 471 853 543 spectat.
895 467 960 526 lam
982 486 1052 527 vero
1076 467 1223 543 quomodo
1238 467 1341 526 Venus
1364 470 1394 527 et
1416 468 1579 528 Palaemon

267 565 299 624 in
322 565 399 624 hano
422 566 659 624 communionem
677 564 863 642 intraverint,
887 565 1107 641 quaesiverunt.
1144 565 1292 642 Equidem
1312 566 1476 627 cavendum
1495 571 1579 643 puto,

268 683 306 722 ne
329 661 482 722 recondita
503 663 649 739 quasdam
672 663 827 742 religionis
850 663 1036 725 necessitudo
1059 664 1225 724 neeessario
1247 664 1410 741 repetenda
1428 665 1579 740 videatur3

266 761 351 820 velut
374 760 437 820 lieri
461 759 574 836 potuit,
599 763 632 820 ut
654 760 755 821 Venus
779 761 863 822 nulla
886 762 947 821 alia
970 763 1006 821 de
1029 781 1120 822 eausa
1143 765 1175 822 in
1199 779 1336 821 soaenam
1364 763 1498 839 prodiret
1520 763 1580 822 nisi

266 863 301 918 ut
324 861 438 935 nuptiis
462 859 586 919 adesset.
627 858 797 936 Palaemon,
819 860 903 920 ouius
921 861 1019 919 cultus
1037 861 1069 918 in
1087 860 1201 919 Isthmo
1221 861 1380 937 praecipue
1398 855 1579 942 florebat⁴⁰),

266 957 339 1017 dens
371 959 503 1016 marinus
534 960 599 1018 erat
626 958 767 1035 Neptuno
795 961 996 1033 associatus,
1028 977 1082 1018 neo
1114 961 1215 1018 tamen
1247 979 1266 1018 a
1293 959 1403 1018 Baoohi
1434 961 1579 1038 religione

266 1075 387 1133 prorsus
415 1056 539 1130 alienus,
567 1058 709 1132 quoniam
732 1056 787 1116 Ino
810 1061 906 1117 mater
930 1057 992 1116 eius
1016 1057 1166 1118 Baoahum
1188 1057 1336 1116 infantem
1358 1057 1434 1117 aluit
1461 1061 1493 1116 et
1514 1058 1579 1133 ipse

266 1154 335 1214 inde
358 1155 389 1213 in
417 1155 518 1230 hymn.
537 1152 629 1231 Orph.
652 1147 771 1237 (lod.)
799 1154 946 1236 σύντροφε
968 1154 1156 1235 βακχεχόριοο
1180 1153 1339 1215 Διωνύσου
1367 1155 1460 1215 audit.
1511 1154 1577 1213 Dii·

266 1253 416 1313 lioillimus
439 1252 566 1330 denique
589 1252 641 1312 ille
665 1252 921 1333 Πρωτεύρυθμος,
949 1255 1126 1330 praesertim
1153 1273 1221 1313 oum
1248 1257 1350 1313 utrum
1376 1253 1509 1314 numinis
1538 1273 1577 1313 an

266 1352 409 1427 hominis,
432 1351 571 1430 megisti
598 1371 636 1412 so.
665 1352 809 1425 saltandi,
837 1370 944 1411 nomen
972 1353 1076 1422 luerit,
1104 1352 1276 1431 ambiguum
1304 1353 1352 1413 sit.
1397 1353 1576 1432 Magistrum

267 1469 330 1510 esse
362 1451 493 1510 saltandi
525 1468 707 1527 quamquam
738 1450 894 1510 defendere
926 1451 1057 1527 suscepit
1088 1443 1251 1532 Rohd041),
1283 1453 1384 1510 tamen
1406 1451 1494 1510 Wide
1526 1471 1577 1511 ne-

267 1549 385 1626 gavisse
416 1548 492 1608 mihi
522 1549 642 1609 videtur
668 1551 761 1622 recte,
795 1548 865 1624 quia
898 1549 1034 1624 deosum,
1065 1568 1125 1608 non
1157 1549 1312 1609 hominum
1339 1549 1438 1609 ordini
1466 1549 1577 1626 asorip·

267 1653 332 1706 tum
359 1649 404 1707 est
431 1664 547 1706 nomen.
602 1647 667 1706 Iam
700 1665 765 1707 oum
789 1647 877 1705 Wide
909 1647 1083 1708 daemonem
1109 1669 1125 1708 e
1153 1649 1345 1726 oosmogonia
1372 1647 1503 1724 Orphiea
1532 1668 1577 1707 re·

266 1747 394 1822 petitum
422 1746 627 1820 intellexisset,
649 1745 749 1806 Massa
778 1745 897 1822 Orphea
929 1746 1028 1822 ipsum
1060 1747 1115 1806 hoe
1147 1747 1267 1806 nomine
1295 1747 1388 1806 latere
1417 1745 1578 1805 Iobaooho-

266 1864 392 1921 rumque
429 1863 513 1904 saera
551 1845 671 1904 omnino
710 1844 833 1920 orphica
870 1863 932 1904 esse
969 1844 1172 1905 demonstrare
1210 1848 1335 1905 conatus
1371 1847 1425 1906 est.
1486 1843 1577 1903 (hiim

267 1945 556 2020 argumentationem
588 1942 730 2001 audaciae
757 1942 877 2018 plenam
905 1942 1000 2003 solido
1028 1943 1221 2003 fundamento
1250 1963 1350 2003 carere
1377 1943 1481 2003 Rohde
1504 1943 1578 2003 satis

267 2059 415 2117 superque
447 2040 678 2116 demonstravit,
709 2044 745 2099 ut
777 2041 896 2118 singula
928 2041 1060 2099 refutare
1093 2059 1152 2099 non
1184 2042 1245 2098 iam
1278 2059 1353 2116 opus
1385 2040 1433 2099 sit.
1486 2040 1578 2116 Equi·

267 2140 333 2199 dem
356 2143 391 2198 ut
414 2159 491 2198 nuno
514 2158 561 2199 res
589 2141 651 2214 est,
679 2138 869 2215 potissimum
897 2139 1071 2198 daemonem
1100 2137 1249 2214 quendam
1271 2137 1380 2198 Bacchi
1408 2140 1578 2198 ministrnm

266 2238 501 2315 intellegendum
525 2256 588 2297 esse
611 2256 679 2296 oum
698 2236 797 2296 Widio
820 2229 1051 2317 putaverimfl),
1078 2237 1114 2295 de
1138 2235 1268 2313 Orphica
1290 2240 1392 2296 tamen
1415 2256 1507 2313 quam
1529 2237 1578 2296 hio

266 2336 394 2398 oonieoit
416 2335 531 2415 origine
555 2335 702 2396 dubitans.

357 2442 504 2513 Quoniam
532 2443 682 2502 duorum
709 2444 904 2519 pristinorum
931 2442 1119 2502 sacerdotum
1146 2441 1278 2522 δόγματα
1301 2436 1343 2525 (v.
1365 2435 1474 2524 10sq.)
1503 2443 1578 2501 hano

271 2543 369 2622 legem
395 2541 542 2615 efficiunt,
568 2542 641 2601 haee
668 2544 735 2617 ipss
762 2545 864 2600 tamen
886 2560 946 2600 non
968 2541 1057 2618 plane
1085 2541 1246 2600 immutata
1268 2544 1389 2617 recepta
1411 2559 1475 2600 esse
1498 2560 1577 2599 men-

266 2641 348 2700 tione
377 2639 560 2717 theologiae,
588 2658 677 2715 quam
705 2639 776 2698 feeit
798 2639 996 2698 Nioomaohus
1020 2631 1303 2721 (v.115),eluoet,
1330 2639 1461 2718 vestigia
1488 2657 1577 2715 quae·

268 2740 337 2798 dam
367 2739 453 2797 huius
481 2737 608 2813 dupliais
631 2738 679 2797 vel
707 2738 835 2813 triplicis
863 2737 987 2816 originis
1011 2756 1153 2814 apparere
1176 2737 1287 2798 mirum
1313 2755 1373 2797 non
1396 2741 1449 2797 est.
1496 2737 1578 2806 Quae

268 2838 384 2913 Drerup
413 2855 529 2895 summa
555 2835 714 2912 diligentia
736 2835 917 2913 investigare
940 2835 1069 2912 studuit,
1096 2855 1150 2896 noo
1178 2837 1304 2910 frustra3
1336 2835 1367 2892 id
1390 2835 1577 2911 potissimum

267 2937 346 2994 reate
370 2934 547 3008 observavit,
571 2933 679 3009 quibus
702 2934 869 3010 praeseptis
892 2933 986 3014 ἱερεύς
1009 2938 1040 2994 et
1062 2932 1220 3015 ἀνθιερεύς
1244 2954 1279 2994 ao
1302 2933 1409 3010 quibus
1433 2933 1528 3014 ἱερεύς
1548 2937 1579 2992 et

267 3029 443 3112 ἀρχίβακχος
461 3050 522 3090 una
540 3032 741 3106 nominantur,
756 3053 790 3092 ea
808 3051 869 3091 non
887 3032 990 3093 eadem
1005 3035 1104 3092 aetate
1118 3035 1185 3092 orta
1199 3051 1261 3092 esse
1275 3023 1420 3114 videmffl)
1441 3031 1578 3091 Getarum

268 3130 341 3191 ordo
364 3132 589 3207 praesepiorum
611 3130 700 3189 huius
723 3129 797 3208 legis
820 3133 977 3206 tantopere
1000 3130 1192 3206 perturbatus
1219 3148 1279 3190 non
1308 3134 1365 3204 est,
1396 3133 1577 3206 quantopere

340 3427 385 3494 40)
409 3425 463 3479 sid.
483 3425 709 3480 heller-liobam
729 3425 794 3480 GM
810 3444 837 3496 p.
854 3431 985 3495 oo1sqq,
1006 3424 1120 3496 Gruppe
1140 3425 1234 3481 GMI
1252 3444 1279 3496 p.
1295 3432 1354 3481 185.

217 3521 225 3534 ¹
339 3516 383 3584 41)
407 3515 492 3569 verba
515 3514 575 3570 eius
598 3515 669 3569 haee
692 3519 757 3568 sunt
779 3515 891 3584 (Risisse
914 3515 1051 3582 Solleiften
1068 3514 1094 3568 H
1111 3533 1138 3585 p.
1154 3518 1281 3585 Μοίρι
1311 3516 1414 3571 ‘dieser
1432 3515 1579 3570 ammam

269 3598 317 3666 (so.
336 3595 573 3667 Πρωτεύρυθμος)
597 3596 664 3651 issa
687 3613 726 3650 on
748 3597 828 3650 einen
852 3594 985 3667 ἐξάρχων,
1008 3597 1087 3650 eines
1106 3597 1220 3664 praesul
1242 3596 1285 3650 bei
1303 3597 1498 3651 Processioaea
1521 3596 1578 3650 aad

273 3677 381 3730 Peiores
401 3674 514 3742 deutera,
532 3677 580 3731 cler
598 3677 640 3730 ols
658 3683 740 3730 erster
758 3677 802 3730 die
821 3676 1018 3745 rhythmisehea
1033 3675 1223 3746 Besoepeoopen
1241 3675 1370 3742 aassellrrt
1388 3677 1448 3730 aad
1466 3677 1510 3730 dis
1529 3693 1578 3730 os-

269 3755 351 3811 derea
369 3772 404 3810 aa
422 3757 530 3811 solodoro
547 3757 666 3822 assiae,
685 3757 758 3822 oder,
779 3773 854 3810 reesa
873 3755 1015 3824 εὔρυθμος
1032 3757 1112 3811 eines
1123 3756 1237 3811 Meister
1256 3757 1294 3810 im
1308 3753 1417 3826 dolrada
1431 3756 1579 3811 benammi

269 3836 450 3906 (desples'oliea
473 3836 524 3892 dos
543 3835 692 3906 Collegium
714 3837 831 3891 mehrere
852 3836 940 3890 huten
963 3837 1062 3891 tonate
1084 3837 1238 3907 [pleiehws'e
1255 3854 1276 3891 a.
1289 3837 1324 3890 B.
1340 3838 1386 3890 ein
1403 3836 1579 3906 Pergameni-

268 3917 341 3972 sches
356 3917 421 3972 Gall.
436 3917 493 3984 auf
507 3921 542 3972 17
560 3914 691 3988 βουκόλοι
709 3915 775 3971 swei
792 3915 1032 3986 ipsodsddoaotos
1047 3918 1135 3972 hatte:
1153 3917 1268 3972 Hermes
1282 3921 1307 3984 7,
1317 3917 1378 3988 40],
1397 3917 1466 3972 olem
1479 3915 1579 3970 duram

268 3998 318 4051 wie
329 3998 429 4052 Marsas
447 4001 552 4066 oportet,
570 4013 642 4068 pons
660 4014 713 4052 aus
726 3997 927 4052 Tooaoieisteon
946 4013 982 4052 aa
998 3997 1140 4065 testatem,
1158 3997 1211 4052 dea
1225 3998 1346 4052 oberatos
1359 3996 1447 4052 dieser
1457 3997 1578 4052 Meister.

270 4079 372 4131 Hister
399 4077 452 4132 den
479 4078 536 4132 oder
560 4078 687 4143 Gdtlern,
715 4077 756 4132 ots
779 4077 832 4130 den
855 4077 1125 4148 Houptfiparaoteo,
1152 4095 1216 4149 mog
1239 4077 1326 4132 diosa
1350 4078 1445 4132 Moses
1467 4078 1511 4133 ols
1533 4076 1580 4133 der

269 4157 412 4224 Aafrllsrer
430 4158 478 4212 der
501 4159 579 4212 ἀαπη
602 4158 669 4212 noch
690 4157 836 4228 folgenden
854 4157 993 4212 Solsoorea
1015 4158 1064 4212 der
1085 4159 1248 4212 sesamum
1268 4159 1388 4226 passesed
1409 4159 1484 4213 aeine
1500 4157 1580 4213 &elle

268 4237 381 4304 6ηάεηῖ

340 4329 385 4396 ss)
410 4326 454 4379 W.
473 4323 661 4397 Hpasdyosos
680 4328 855 4395 daemonem,
874 4328 923 4397 qui
942 4327 973 4381 in
991 4343 1099 4398 papyro
1118 4327 1246 4382 Parisino
1265 4327 1413 4383 invocatur
1427 4327 1579 4398 (Dieterioh

268 4407 400 4462 Adrasos
423 4424 450 4476 p.
472 4411 531 4476 132)
561 4406 682 4462 contulit
709 4410 738 4462 et
760 4408 991 4477 Hpossdpodpos
1014 4424 1091 4476 eum,
1119 4409 1169 4476 qui
1192 4407 1297 4462 mundo
1324 4406 1468 4477 rythmum
1492 4408 1578 4473 dedit,

269 4487 472 4556 interpretatus
491 4489 542 4542 est.

341 4579 386 4644 4³)
410 4575 444 4630 of.
464 4595 488 4631 v.
504 4581 538 4630 85
562 4593 626 4630 oum
648 4595 672 4632 v.
693 4583 787 4646 sisq,
809 4595 833 4631 v.
848 4583 881 4631 67
901 4581 930 4631 et
949 4582 1000 4632 140
1024 4593 1088 4631 oum
1111 4596 1134 4632 v.
1156 4582 1257 4647 108sq.
1295 4577 1503 4633 Auctoritatem
1529 4578 1577 4632 dv·

270 4655 389 4724 θιερέως
411 4660 509 4726 postea
535 4661 660 4724 auctam,
689 4657 868 4712 arahibaeehi
891 4657 1065 4712 deminutam
1089 4673 1150 4712 esse
1171 4657 1218 4712 Dr.
1238 4657 1381 4727 probavit,
1408 4673 1577 4727 quamquam

270 4735 344 4804 indo,
363 4737 439 4804 quod
458 4737 487 4790 in
506 4737 667 4792 narratione
686 4737 722 4792 de
741 4741 879 4792 eonsentu
897 4739 1052 4807 praemissa
1071 4737 1221 4806 dedissetre
1239 4737 1302 4807 plus
1321 4737 1457 4792 momenti
1476 4737 1577 4792 habere

271 4815 381 4870 videtur
399 4833 484 4887 quam
503 4816 718 4885 arohibacohus,
737 4817 809 4872 nihil
828 4817 926 4887 eolligi
944 4817 1041 4886 debet,
1061 4818 1129 4887 quis
1151 4818 1300 4872 haeceine
1320 4817 1407 4872 dubio
1425 4818 1487 4887 ipse
1505 4818 1576 4872 dad-

271 4897 359 4962 sepeio
379 4897 551 4967 conseripsit.
