3424 5462
651 329 855 386 DELPHIOAE
873 349 900 386 n.
917 336 951 384 ‘14
1392 331 1455 395 221

143 502 254 562 litteris
279 491 460 562 ΘΙΓΑΝΑ
485 501 553 560 elici
572 501 675 576 possit,
698 519 758 560 non
776 491 917 580 videon)
954 499 1019 558 Iam
1038 501 1206 576 nuperrime
1224 499 1352 559 editores
1370 502 1458 560 inser.

144 600 233 659 iurid
252 601 382 678 glossam
405 598 548 674 Hesychii
571 597 684 658 deceive
708 591 790 680 (sic)¹
819 607 902 677 χῶμα
930 595 1084 677 σωροειὸἕς
1111 599 1292 672 attuleruut,
1320 597 1351 656 id
1380 597 1460 673 quod

145 700 311 775 speciosum
324 697 453 770 videtur,
472 697 497 756 si
515 697 603 756 modo
619 697 654 756 de
670 699 737 772 ipso
750 697 866 757 tumulo
881 695 1003 755 verbum
1017 692 1211 776 προστιθέναι
1226 698 1326 774 aptius
1340 696 1457 755 dicitur.

145 795 205 854 Sed
227 815 264 854 ne
287 796 343 855 hoc
366 794 486 871 quidem
508 812 629 871 prorsus
655 797 769 855 certum
793 795 876 854 duco.

235 892 271 951 V.
292 896 403 969 2lsqq.
423 893 526 952 funere
549 895 616 968 ipso
639 896 760 969 peracto
784 894 896 952 nemini
919 893 977 952 nisi
1000 891 1177 969 propinquis
1200 911 1351 951 remanere
1376 893 1459 967 licet3

145 989 274 1069 ὁμέστιοι
297 991 316 1049 1.
332 1010 355 1051 1.
375 991 406 1065 ii,
430 991 483 1067 qui
506 992 538 1050 in
562 990 665 1050 eadem
688 992 775 1052 domo
798 990 944 1065 habitant,
968 992 1041 1050 natu
1060 989 1188 1067 proximi
1207 994 1288 1050 sunt:
1312 993 1459 1067 parentes,

122 1090 246 1163 ·liberi,
269 1089 390 1164 fratres,
415 1106 538 1148 sorores.
563 1121 604 1130 -·
630 1109 658 1148 v.
677 1091 718 1148 46
729 1109 792 1166 sqq.
811 1089 935 1148 inferias
958 1088 1102 1164 postridie
1125 1087 1251 1162 lunens,
1274 1087 1388 1148 decimo
1412 1087 1460 1146 die

144 1193 222 1265 post,
256 1187 358 1246 diebus
387 1179 645 1269 anniversariis²⁶)
672 1189 768 1248 factas
796 1205 859 1247 esse
887 1187 1041 1261 discimus3
1073 1187 1241 1246 tricesimus
1268 1187 1362 1264 igitur
1389 1186 1460 1260 dies,

145 1305 206 1362 quo
225 1285 351 1345 Athenis
374 1303 459 1344 sacra
482 1284 629 1360 quaedam
651 1277 818 1366 fiebant²⁶)‚
840 1305 922 1344 more
945 1288 1012 1344 tum
1036 1285 1156 1361 quidem
1178 1285 1364 1361 Delphorum
1387 1285 1460 1343 cele·

144 1382 250 1443 bratus
273 1401 331 1444 non
357 1401 419 1442 esse
448 1383 577 1458 ridetur,
605 1384 642 1443 cf.
666 1383 762 1462 legem
785 1383 947 1457 Iulensem,
975 1382 1027 1442 ubi
1054 1383 1163 1443 diserte
1185 1381 1354 1461 τριηκόστια
1377 1387 1461 1441 ποιέν

145 1485 268 1541 vetatur
290 1473 333 1562 (n.
350 1482 391 1540 93
415 1501 442 1540 v.
458 1475 524 1562 20).

236 1578 272 1636 D.
303 1578 395 1638 Initio
417 1578 521 1639 lateris
546 1579 642 1639 deleto
666 1599 726 1639 non
744 1580 847 1640 statim
867 1581 971 1655 liquet,
995 1599 1013 1639 a
1036 1598 1103 1655 quo
1128 1579 1233 1655 epulae
1253 1577 1356 1638 diebus
1375 1579 1460 1637 fastis

144 1677 284 1752 deinceps
308 1679 488 1738 enumeratis
512 1676 692 1751 habeantur,
720 1681 820 1738 utrum
845 1679 882 1737 ab
906 1681 1045 1738 universa
1073 1678 1209 1754 phratria
1233 1696 1270 1735 au
1294 1696 1311 1734 a
1335 1677 1461 1754 singulis

144 1775 343 1850 phrateribus.
391 1774 448 1834 Sed
479 1775 617 1836 subvenit
645 1777 743 1848 nobis,
776 1779 808 1835 ni
834 1777 937 1852 fallor,
969 1779 1047 1836 ratio
1076 1775 1223 1852 quaedam
1251 1777 1460 1853 grammatica3

144 1892 215 1932 nam
238 1872 308 1932 inde
332 1874 411 1948 quod
434 1894 462 1932 r.
483 1876 524 1933 12
552 1893 745 1950 pronomen
774 1875 970 1934 masculinum
999 1871 1087 1946 αὐτός
1110 1877 1284 1950 usurpatur,
1313 1875 1402 1932 antea
1426 1873 1460 1932 de

145 1972 288 2030 nomine
320 1973 394 2030 item
426 1971 590 2032 masculino
617 1973 702 2032 velut
733 1970 853 2044 ἕκαστος
879 1980 939 2032 τῶν
966 1972 1141 2050 Λαβυαδῶν
1173 1991 1338 2031 sermonem
1370 1972 1461 2031 fuisse

147 2069 265 2146 colligo.
308 2068 537 2148 Dittenbergero
561 2070 639 2129 idem
662 2089 709 2130 res
741 2073 808 2146 ipsa
832 2073 966 2130 evincere
988 2073 1054 2130 visa
1082 2073 1139 2130 est:
1172 2089 1231 2130 non
1258 2088 1344 2146 posse
1373 2068 1462 2142 credi,

147 2167 384 2243 quandocunque
404 2167 514 2244 aliquis
533 2187 549 2227 e
567 2168 718 2244 Labyadis
736 2171 891 2228 victimam
913 2168 1055 2228 caedebat
1070 2160 1110 2248 (v.
1127 2161 1183 2249 12)
1203 2171 1259 2226 aut
1276 2186 1342 2226 cum
1361 2167 1461 2243 hospi·

147 2265 227 2324 tibus
252 2265 439 2326 sacrificabat
462 2258 504 2346 (v.
526 2260 645 2348 14sq.)‚
673 2269 701 2325 ei
729 2285 846 2326 necesse
868 2268 959 2326 fuisse
983 2266 1079 2343 epulis
1102 2267 1231 2324 inritare
1254 2267 1352 2325 totam
1373 2264 1461 2341 phra-

147 2364 246 2422 triam.
294 2362 351 2422 Sed
374 2363 405 2422 id
429 2365 525 2439 ipsum
551 2365 720 2440 quaeritur,
743 2369 846 2424 utrum
869 2367 1029 2424 necessitas
1052 2365 1121 2422 illes
1145 2364 1247 2438 epulas
1270 2363 1402 2422 habendi
1424 2382 1462 2422 an

149 2465 282 2538 potestas
304 2461 401 2520 solum
420 2462 476 2521 hac
494 2462 559 2540 lege
579 2464 744 2535 sanciatur3
765 2462 912 2522 adiectiro
931 2464 1011 2522 enim
1029 2459 1163 2539 νόμιμος,
1181 2464 1214 2520 ni
1232 2462 1330 2535 fallor,
1348 2465 1461 2520 utrum·

147 2579 204 2636 que
224 2559 387 2636 significari
405 2562 505 2635 potest
545 2561 704 2620 Rationem
723 2565 824 2620 autem
842 2561 1002 2637 superioris
1021 2562 1117 2636 pertis
1136 2560 1228 2633 tituli,
1247 2579 1307 2635 qua
1326 2562 1462 2635 sumptus

147 2657 279 2716 funebris
303 2661 494 2730 extenuatur,
521 2657 693 2718 recordatus
717 2659 840 2718 eandem
864 2661 896 2717 in
918 2659 975 2718 hac
997 2661 1084 2734 parte
1107 2658 1226 2717 subesse
1249 2676 1463 2732 numerumque

148 2757 345 2828 occasionum,
369 2755 478 2831 quibus
497 2759 604 2831 cuique
622 2757 782 2833 Labyadae
802 2759 905 2833 epulas
923 2757 1032 2816 habere
1054 2756 1181 2831 liceat,
1204 2755 1322 2815 definiri
1340 2755 1462 2816 conicio.

148 2853 189 2912 lis
213 2872 297 2928 vero,
327 2871 403 2928 quae
432 2854 501 2913 inde
525 2871 543 2912 a
566 2875 592 2912 r.
613 2857 654 2913 12
678 2855 832 2933 leguntur,
859 2875 918 2915 non
945 2874 1041 2914 novae
1068 2858 1189 2930 praeter
1215 2855 1305 2913 ferias
1328 2853 1463 2930 publicas

149 2953 318 3011 occasiones
342 2953 478 3028 privatae
502 2952 703 3028 continentur,
727 2953 778 3012 sed
801 2955 998 3029 appositionis
1021 2956 1085 3013 vice
1109 2972 1144 3012 ea
1167 2953 1333 3031 funguutur
1356 2953 1463 3010 artius-

150 3069 206 3124 que
230 3052 399 3109 occasiones
423 3050 582 3109 definiunt:
605 3069 641 3109 ne
665 3051 748 3110 feriis
772 3052 891 3127 quidem
914 3052 975 3112 illis
999 3052 1104 3127 epulae
1128 3052 1280 3128 legitimae
1300 3053 1386 3109 erant
1404 3051 1464 3108 nisi

150 3149 238 3208 certis
258 3147 490 3220 condicionibus,
508 3167 635 3224 quarum
650 3149 725 3207 duae
742 3150 831 3209 facile
845 3150 1070 3228 intelleguntur,
1088 3167 1127 3208 sc.
1142 3151 1168 3209 si
1181 3148 1326 3225 Labyada
1341 3148 1463 3224 quidam

149 3247 214 3322 ipse
233 3249 286 3304 aut
309 3265 370 3305 una
393 3265 460 3304 cum
483 3266 517 3306 eo
540 3245 672 3322 hospites
694 3265 778 3307 sacra
797 3249 936 3308 fecerant.
975 3247 1032 3307 Sed
1053 3247 1198 3307 accedunt
1216 3248 1291 3307 duae
1311 3247 1388 3306 aliae
1407 3246 1463 3306 urf-

150 3344 297 3418 ficiliores,
321 3362 355 3402 ac
378 3343 508 3419 primum
531 3344 651 3420 quidem
670 3365 696 3403 v.
714 3347 753 3404 13
774 3345 829 3404 καῖ
846 3369 884 3405 κα
903 3348 1003 3424 ireque*
1016 3354 1121 3424 παρῆιε
1144 3347 1190 3404 ita
1208 3345 1287 3404 enim
1305 3344 1463 3422 legandum

150 3461 212 3502 esse
241 3461 308 3502 cum
334 3443 485 3519 plerisque
514 3443 637 3503 confido.
683 3445 762 3502 Num
788 3443 935 3504 Homollii
962 3444 1051 3503 lectio
1079 3443 1135 3503 καῖ
1152 3465 1190 3502 κα
1217 3437 1294 3522 λεκχ’
1320 3435 1353 3502 οἱ
1371 3451 1465 3520 παρῆι

151 3543 181 3600 11
207 3544 331 3616 propter
358 3541 511 3600 elisionem
539 3541 706 3601 inauditam
731 3551 761 3601 et
788 3545 910 3619 propter
933 3535 975 3615 οἷ,
1003 3542 1084 3618 quod
1111 3542 1171 3600 fuit
1193 3541 1379 3600 scribendum
1401 3541 1465 3617 fot,

150 3640 255 3714 utique
282 3639 433 3698 reicienda
460 3643 513 3698 est.
560 3639 622 3699 Nec
644 3641 742 3700 minus
771 3641 816 3715 id,
847 3638 926 3715 quod
948 3639 1017 3698 Keil
1040 3641 1197 3716 proposuit
1224 3637 1279 3698 καῖ
1296 3633 1324 3697 κ’
1350 3635 1467 3718 ἀλεκχοῑ

151 3743 244 3814 παρῆι
269 3728 302 3817 (1
320 3736 460 3815 παρίημι,
483 3757 542 3797 non
562 3731 733 3819 acciperet)
758 3733 858 3798 ‘creon
881 3755 912 3796 er
935 3739 1189 3797 1111111111
1212 3737 1380 3796 1111111111
1402 3730 1463 3795 dat'

151 3835 337 3912 gravissimis
361 3853 436 3910 quas
459 3836 522 3912 ipse
545 3837 639 3895 sensit
661 3835 892 3895 difficultatibus
916 3835 1075 3894 obnoxium
1100 3845 1157 3909 est3
1181 3854 1251 3893 nam
1275 3839 1305 3894 et
1328 3834 1465 3894 substan·

151 3933 249 3990 tivum
282 3924 436 4010 dien2d²⁷l
469 3933 639 3992 inauditum
671 3937 717 3992 est
748 3953 844 4009 neque
874 3935 906 3992 in
933 3933 989 3994 hac
1017 3936 1165 3993 sententia
1193 3933 1337 3992 mucuns
1365 3933 1464 3992 deesse

423 4003 428 4014 1

153 4031 266 4107 potuit3
290 4030 416 4104 accedit,
441 4031 520 4106 quod
543 4031 666 4091 verbum
689 4037 838 4112 παρεῖναι,
867 4051 934 4092 cum
956 4034 987 4090 in
1011 4033 1146 4108 proximo
1170 4049 1257 4091 versu
1280 4035 1393 4090 certum
1417 4031 1465 4104 sit,

225 4284 270 4350 14)
298 4299 334 4334 an
353 4281 389 4335 de
408 4281 510 4352 olydoa
529 4285 605 4337 recte
623 4282 760 4352 cogitarit
779 4282 923 4338 Solmsen?
1483 4323 1489 4336 .

226 4365 270 4430 25)
299 4362 334 4416 de
362 4363 487 4432 genirina
510 4363 537 4416 ri
561 4363 635 4418 vocis
664 4362 791 4425 ἐνιαυτός
809 4364 865 4418 rid.
880 4363 957 4418 Turis
977 4364 1092 4418 Hennes
1110 4361 1201 4416 XXXI
1218 4381 1245 4432 p.
1262 4367 1312 4416 641
1320 4379 1374 4431 sq,
1394 4361 1465 4414 Wil-

154 4441 230 4496 halm
249 4443 314 4496 ibid.
330 4441 432 4496 XXXII
444 4460 472 4512 p.
484 4448 535 4496 317
555 4445 584 4498 et
600 4445 685 4498 Wieo.
702 4444 884 4515 Sitrcnpaber.
903 4443 1036 4511 19001V3
1059 4443 1089 4497 in
1112 4442 1176 4513 lega
1189 4442 1296 4497 lulensi
1318 4442 1466 4496 sollemnia

154 4521 205 4575 illa
225 4522 353 4577 ἐνιαύσια
373 4525 508 4576 vocantur
526 4523 559 4592 (Β
578 4540 602 4577 v.
619 4527 653 4593 5).

227 4606 270 4670 16)
299 4602 433 4672 Harpocr.
452 4621 471 4656 1.
483 4620 507 4656 v.
526 4603 652 4672 τριακάς,
670 4603 741 4659 Poll.
756 4604 767 4656 l
783 4609 826 4674 66,
844 4603 931 4658 Bekk.
947 4603 1052 4658 Anecd.
1072 4622 1099 4673 p.
1115 4609 1229 4670 161119,
1248 4603 1347 4657 Rhode
1361 4604 1466 4674 Psyche

154 4699 181 4752 p.
197 4687 284 4748 1111
305 4685 334 4738 et
353 4689 449 4744 1111.

228 4766 272 4831 11)
300 4762 392 4832 ipsum
411 4764 480 4833 λεχώ
500 4763 575 4816 enim
593 4781 731 4834 nusquam
746 4763 892 4817 mulierem
906 4765 957 4818 aut
970 4780 1093 4830 uxorem,
1113 4764 1162 4819 scd
1176 4780 1286 4834 semper
1299 4779 1467 4834 puerperam

156 4841 315 4912 significare
337 4842 493 4897 rectissime
516 4845 626 4898 monuit
644 4844 736 4910 Dttb.;
759 4861 810 4913 pro
828 4865 845 4914 χ
863 4844 894 4898 in
917 4844 970 4898 hoc
993 4844 1110 4912 antiquo
1135 4843 1218 4897 titulo
1237 4865 1271 4916 κχ
1295 4843 1379 4897 scribi
1399 4858 1466 4896 sane

156 4923 267 4991 mirum,
286 4923 335 4977 sed
354 4923 423 4978 haec
443 4923 606 4991 difficultas,
625 4927 768 4993 utcunque
785 4924 899 4995 legitur,
918 4926 1052 4980 remanet.
