3424 5462
688 322 875 378 carmena
893 329 968 377 aar
1418 325 1481 390 189

169 494 350 571 repugnent3
365 510 400 550 ac
413 494 543 567 primum
558 491 677 567 quidem
691 492 786 569 βινεῖν
800 492 919 570 vulgari
932 493 1028 570 magis
1043 511 1132 568 quam
1146 493 1221 571 legis
1236 495 1364 552 sermoni
1379 497 1483 570 aptum

171 591 305 664 videtur,
329 591 385 649 etsi
404 593 434 650 et
452 589 580 650 dialecto
600 593 631 650 et
648 591 828 667 antiquitati
844 591 930 649 tituli
948 589 1065 665 aliquid
1084 591 1240 651 concedere
1260 592 1352 650 decet.
1388 591 1482 650 Dubi-

170 690 317 748 tationem
344 707 411 747 mea
442 688 562 764 quidem
584 689 733 748 sententia
754 689 849 748 multo
873 688 1042 767 graviorem
1064 707 1111 748 res
1134 688 1199 766 ipsa
1223 693 1330 748 movet.
1375 689 1482 748 Merito

172 788 251 846 enim
275 787 472 862 quaesiveris,
502 806 573 845 num
597 787 661 846 eius
684 787 765 846 modi
787 790 980 862 praeceptum
1002 785 1124 862 publica
1146 787 1211 865 lege
1238 787 1346 847 diserte
1369 788 1483 846 sancire

173 903 247 961 opus
275 886 375 944 fuerit.
422 883 480 943 Sed
508 885 603 944 altera
627 904 661 943 ex
684 887 769 960 parte
792 885 952 944 tenendum
976 888 1021 943 est
1044 903 1097 944 nos
1119 885 1168 945 hic
1191 883 1348 961 Olympiae
1370 887 1484 944 versari

171 983 311 1058 Iovisque
338 982 382 1040 ibi
408 982 471 1042 fani
499 982 651 1059 propriam
677 983 768 1042 fuisse
797 983 1013 1057 condicionem3
1045 983 1133 1042 facile
1160 984 1239 1042 enim
1266 983 1404 1058 frequens
1432 983 1484 1042 ille

171 1080 327 1140 hominum
353 1099 526 1154 concursu,
559 1082 610 1156 qui
639 1078 810 1158 Olympiam
839 1100 905 1140 cum
934 1081 1015 1140 omni
1045 1085 1109 1139 tum
1133 1081 1329 1140 certaminum
1351 1083 1484 1156 tempore

172 1177 272 1254 fiebat,
295 1180 404 1238 maiori
422 1179 561 1239 licentiae
585 1179 682 1238 locum
705 1179 805 1254 dabat,
829 1180 878 1240 cui
898 1179 1006 1238 diserte
1025 1197 1177 1238 occurrere
1196 1183 1226 1237 et
1243 1179 1412 1254 prospicere
1430 1198 1485 1254 par

174 1280 246 1335 erat.
283 1275 332 1334 Ad
354 1277 446 1335 talem
470 1279 569 1336 autem
593 1277 776 1337 occasionem
799 1279 878 1337 hunc
900 1276 999 1353 ipsum
1022 1277 1144 1336 titulum
1167 1276 1315 1352 pertinere
1338 1275 1483 1336 vocabulo

172 1373 298 1454 θεαρός,
322 1375 400 1450 quod
423 1375 470 1433 bis
494 1375 635 1448 occurrit,
658 1376 694 1435 de
717 1379 909 1434 monstratur.
954 1375 1063 1451 Itaque
1087 1377 1287 1434 coniecturam
1310 1373 1437 1433 Brendii
1459 1375 1485 1432 si

173 1491 233 1532 non
257 1475 369 1531 certam
393 1475 527 1531 attamen
549 1472 613 1532 veri
636 1474 763 1532 similem
786 1475 932 1534 existimo

264 1569 299 1626 V.
318 1563 365 1648 lsi
391 1567 423 1629 ἕν
445 1563 600 1653 τΙα(υ)τᾶι;
622 1573 655 1630 in
678 1571 792 1630 lamina
815 1562 1017 1631 ΤΑῩΤΑΙ.
1058 1571 1151 1630 Varia
1174 1571 1233 1630 viri
1255 1571 1335 1630 docti
1357 1572 1484 1645 tempta-

173 1671 290 1742 verunt,
315 1666 416 1745 Cemp.
440 1666 573 1747 ἐντὰχναι
595 1687 649 1745 pro
673 1667 853 1748 ἕντετάχθαι,
876 1670 997 1729 Meister
1019 1677 1078 1728 τῶν
1101 1673 1220 1748 θενρῶν
1241 1666 1384 1746 ἕντάχται,
1407 1667 1487 1743 quod

174 1767 362 1826 substantivo
385 1765 514 1846 κοθάρσι
543 1766 721 1826 attributum
744 1769 840 1827 voluit
869 1771 899 1827 et
921 1770 1135 1843 interpretatus
1159 1770 1205 1826 est
1229 1763 1332 1825 ‘clarck
1354 1766 1402 1824 dic
1423 1783 1486 1825 ver·-

174 1864 291 1924 ordnete
309 1863 477 1939 Reiutquay
495 1866 547 1924 der·
565 1861 695 1943 bracost,
714 1871 839 1941 uterque
859 1865 941 1924 haud
958 1857 1093 1924 feliciter.
1126 1863 1238 1924 Contra
1257 1864 1337 1940 quod
1355 1865 1486 1924 Bueche-

173 1962 219 2020 ler
247 1964 374 2022 coniecit
401 1959 433 2022 ἐν
455 1967 559 2042 raptori
583 1981 636 2040 pro
659 1961 692 2022 ἐν
710 1971 799 2046 τακτῇ
828 1963 888 2022 dici
915 1964 934 2021 i.
955 1983 978 2022 e.
1001 1964 1067 2023 sede
1090 1965 1134 2022 cel
1160 1963 1208 2022 die
1230 1967 1352 2032 statuta,
1380 1982 1434 2040 per
1456 1981 1486 2022 se

174 2062 276 2120 sensui
298 2059 416 2137 egregie
440 2061 598 2134 satisfacit
621 2061 682 2136 sed,
704 2063 736 2120 ni
755 2062 853 2136 fallor,
877 2062 920 2120 ita
938 2061 991 2120 nul
1007 2061 1092 2138 illud,
1116 2061 1195 2137 quod
1215 2063 1284 2121 ante
1302 2059 1414 2139 θεαρόν
1434 2070 1486 2135 est,

174 2178 282 2236 parum
304 2158 498 2236 intellegitur.
544 2158 650 2234 Itaque
673 2160 822 2220 Blassium
850 2178 916 2219 cum
940 2159 1168 2238 Dittenbergero
1196 2161 1314 2218 secutus
1342 2159 1488 2218 facillima

174 2257 343 2316 mutatione
367 2258 455 2316 unius
478 2257 599 2316 litterae
622 2256 719 2317 scribo
742 2255 775 2317 ἐν
797 2249 945 2340 τα(υ)νᾶι,
969 2260 1003 2316 ut
1026 2259 1126 2316 animo
1150 2257 1347 2332 supplendum
1370 2257 1411 2316 sit
1434 2259 1488 2315 aut

174 2353 227 2414 τὸν
254 2351 366 2432 θεαρὸν
394 2351 426 2413 ἐν
453 2352 556 2413 ταύτᾶι
582 2355 709 2436 Ὲράτραι
736 2356 784 2414 vel
817 2356 914 2432 ζαμίαν
942 2349 1031 2434 εἶναι,
1064 2358 1098 2414 ut
1125 2355 1211 2413 Blass
1239 2355 1336 2414 voluit
1364 2357 1429 2426 aut,
1462 2353 1487 2414 si

175 2451 286 2512 θοάδοι
308 2454 467 2512 transitive
490 2452 609 2526 dicitur,
636 2451 668 2513 ἐν
691 2453 795 2514 sadra
822 2454 921 2532 ζαμίαν
949 2451 1041 2533 ἔχετο).
1088 2453 1173 2511 Unde
1204 2471 1274 2511 sane
1298 2455 1433 2528 sequitur
1455 2453 1486 2511 in

174 2552 383 2627 prioreparte
407 2552 556 2610 enuntiati
579 2550 745 2610 subiectum
769 2552 852 2611 verbi
874 2548 970 2630 βενὲοι
992 2571 1053 2610 non
1077 2569 1138 2611 esse
1162 2554 1258 2627 ipsum
1283 2549 1406 2628 θεαρόν,
1436 2550 1488 2610 sed

175 2651 276 2725 potius
301 2669 419 2709 servum
443 2651 513 2708 eius.

265 2747 341 2806 V.3
373 2745 392 2806 ἀ
416 2744 448 2807 δέ
470 2769 509 2806 κα
531 2746 646 2828 ῐράτρα
668 2743 688 2806 ἀ
711 2747 837 2825 depecta
866 2766 926 2806 non
952 2747 1032 2806 idem
1061 2765 1122 2805 esse
1147 2749 1237 2822 atque
1266 2745 1382 2826 γράφος
1405 2749 1486 2805 ante·

177 2845 290 2919 cedens,
314 2844 366 2904 sed
388 2845 538 2921 peculiare
562 2845 597 2903 de
620 2845 731 2905 iudicio
755 2849 859 2905 contra
881 2846 958 2906 banc
980 2846 1075 2923 legem
1099 2846 1180 2904 facto
1198 2845 1390 2920 plebiscitum
1408 2846 1487 2904 recte

175 2945 293 3003 monuit
316 2942 449 3002 Roberta.

266 3061 293 3100 v.
310 3043 329 3099 4
354 3037 520 3113 Μλανέωςε
544 3041 600 3101 etsi
624 3043 737 3121 glossas
756 3041 899 3118 Hesychii
918 3038 1035 3113 ἀλανὲς·
1059 3038 1171 3118 ἀληθές
1190 3073 1231 3080 -
1251 3037 1393 3111 ἀλανὲως·
1422 3037 1488 3100 ὁλο-

177 3147 297 3218 σχερῶς·
329 3141 505 3218 Ταραντῖνοι
528 3171 572 3180 -
594 3135 746 3216 ἄλλαινής·
771 3137 919 3216 νἰσφνιλήςι
943 3139 1087 3210 Λάκωνες
1113 3140 1173 3198 huc
1199 3141 1348 3214 pertinere
1374 3143 1489 3198 certum

177 3238 306 3312 videtur,
329 3241 430 3296 tamen
454 3238 526 3313 quid
549 3239 737 3313 potissimum
755 3238 895 3316 hocloco
915 3237 1089 3297 adverbium
1107 3237 1190 3310 velit,
1212 3236 1335 3295 dubium
1354 3239 1406 3296 est.
1444 3237 1488 3296 De

178 3338 284 3395 senatu
307 3336 395 3411 pleno
419 3338 574 3411 acceperat
596 3336 700 3408 noent,
723 3336 755 3395 id
778 3336 859 3411 quod
881 3338 982 3395 tamen
1007 3334 1141 3394 adverbii
1159 3353 1215 3394 usu
1233 3335 1304 3392 reici
1323 3326 1487 3412 videtur⁶);

178 3433 342 3493 Buecheler
365 3452 381 3491 e
405 3433 534 3511 genuina
556 3435 587 3492 vi
612 3437 676 3494 aar
698 3435 762 3492 dolo
785 3435 863 3493 mulo
887 3434 1025 3493 similiter
1048 3435 1137 3508 atque
1160 3433 1241 3508 apud
1263 3451 1317 3491 noa
1340 3431 1490 3509 significa·

178 3531 291 3590 tionem
310 3532 454 3606 anyefdtr
473 3535 570 3590 ortam
589 3551 651 3591 esse
671 3535 756 3591 acute
775 3533 914 3590 coniecit:
934 3527 1000 3602 ‘fair
1019 3531 1066 3590 dic
1081 3531 1230 3604 Giltiplcctt
1246 3530 1297 3588 dea
1313 3529 1489 3602 Verfcbrats

177 3629 339 3704 cascdldpt
365 3631 412 3688 die
438 3633 634 3704 corpecauntc
661 3630 737 3689 Zall
763 3630 815 3689 der
837 3630 1017 3688 Rctslrerrcu
1043 3629 1150 3696 naha,
1179 3629 1254 3687 aad
1280 3627 1359 3685 aicit
1381 3630 1434 3687 wic
1456 3631 1487 3686 tc

179 3727 309 3786 anderen
326 3727 433 3786 Fdllca
452 3730 498 3786 eia
522 3729 692 3786 bestimmtas
709 3729 879 3787 Maximam
896 3744 953 3786 cort
971 3725 1172 3786 Ancesendcn
1190 3720 1351 3798 erfordert?
1388 3725 1489 3802 Ipsam

178 3827 241 3884 vim
264 3826 425 3903 genuinam
448 3827 592 3902 praetulit
610 3826 732 3885 Meister
752 3829 782 3885 et
801 3825 975 3885 adverbium
994 3823 1032 3882 ud
1050 3823 1167 3883 δινάκοι
1184 3822 1371 3883 referendum
1390 3822 1488 3882 duxit:

181 3917 290 3982 ‘sicher
303 3922 345 3996 (d.
355 3925 374 3982 i.
384 3923 589 3998 ucpesdlrdet)
604 3919 743 3997 dedara,
762 3923 814 3983 sed
829 3923 860 3980 id
877 3922 1026 3999 positione
1040 3924 1122 3982 vocis
1135 3940 1243 3998 parum
1257 3920 1488 3980 commendatur.

269 4214 320 4270 62.
349 4215 457 4270 Tabula
480 4217 625 4271 marmoris
648 4216 707 4271 albi
726 4217 761 4271 ab
780 4216 912 4272 interiore
931 4218 1011 4286 parte
1030 4215 1132 4284 fracta,
1155 4215 1270 4270 inventa
1293 4215 1323 4268 in
1342 4231 1409 4284 agro
1428 4213 1490 4269 Te-

180 4296 318 4365 geatico
341 4296 377 4350 ad
396 4297 488 4351 vicum
505 4296 578 4351 Pieli
601 4298 727 4367 proxim
750 4297 846 4352 ruinae
865 4298 966 4351 veteris
992 4295 1092 4366 templi
1110 4295 1261 4351 Minervae.
1298 4295 1368 4348 Edd.
1385 4293 1490 4349 Berard

180 4376 268 4430 ΒΘΗ
282 4374 347 4430 xm
366 4377 456 4447 (1889)
475 4395 501 4448 p.
518 4383 649 4447 281aqq.‚
669 4377 784 4432 Meister
803 4380 866 4433 Ber.
882 4378 908 4432 d.
923 4377 1008 4432 adsis.
1025 4377 1085 4431 Ges.
1100 4377 1127 4431 d.
1142 4377 1223 4431 Wiea.
1244 4381 1312 4430 1889
1331 4393 1359 4444 p.
1376 4379 1407 4429 71
1420 4392 1489 4443 sqq,

180 4453 349 4510 Danielason
368 4457 562 4528 Epiqraplu'ca
580 4455 687 4528 (Upaal.
704 4460 783 4527 1890)
802 4476 829 4528 p.
845 4463 962 4526 28eqq.‚
981 4456 1132 4512 Hoffmann
1152 4456 1259 4512 Griect.
1275 4457 1354 4510 Dici,
1373 4455 1386 4508 1
1404 4473 1431 4524 p.
1447 4459 1490 4522 93,

180 4534 272 4589 Roehl
291 4535 394 4606 Imaq.’
411 4555 438 4607 p.
454 4542 488 4590 33
508 4555 533 4591 n.
550 4543 579 4604 9,
603 4536 706 4592 Michel
726 4539 838 4594 Recueil
856 4543 920 4605 698,
945 4537 1071 4591 Solmsen
1093 4537 1181 4592 laser.
1199 4538 1247 4592 Gr.
1267 4536 1333 4590 dial.
1353 4535 1398 4590 ael.
1418 4553 1444 4590 n.
1466 4542 1489 4590 1.

181 4614 221 4671 Of.
231 4617 379 4685 praeterea
388 4615 492 4670 Berard
503 4617 586 4672 ΒΘΗ
594 4615 672 4671 XVII
681 4620 772 4688 (1893)
781 4636 809 4687 p.
821 4623 912 4687 isqq.,
927 4617 1054 4672 Solmaen
1065 4617 1166 4671 Katre
1176 4617 1318 4672 Ztccltrtt
1329 4621 1413 4686 pltl
1420 4632 1490 4683 sqq,

180 4693 360 4750 Immerwahr
379 4697 463 4752 Ku-lte
482 4715 508 4752 u.
525 4697 615 4768 Myra.
631 4698 698 4752 Art.
717 4697 730 4750 1
748 4716 775 4767 p.
791 4703 881 4765 disq,
902 4697 1001 4752 Frater
1020 4700 1143 4753 Paucae.
1161 4696 1200 4752 IV
1219 4716 1246 4767 p.
1261 4703 1322 4751 tac.

270 4912 298 4980 8)
327 4909 360 4964 ci.
381 4911 476 4965 umen
498 4909 624 4966 Solmaeu
649 4911 805 4968 Uttarcuct.
820 4928 842 4966 a.
857 4913 954 4984 prteclt.
970 4913 1059 4966 Laut·
1078 4927 1105 4966 u.
1121 4911 1256 4966 Vereletre
1274 4927 1302 4979 p.
1317 4914 1369 4964 286
1392 4912 1449 4964 not.
1466 4915 1490 4963 9.
