3434 5464
641 343 793 398 LESBIAE
812 362 839 398 n.
856 348 913 397 ll'l
1361 344 1428 410 305

112 518 193 576 esset
212 533 279 574 cum
296 513 464 589 Carmenta,
483 516 608 573 constat.
640 511 745 589 Neque
764 514 843 572 enim
862 511 951 572 aliter
963 513 1091 574 Romani
1110 513 1169 590 ipsi
1183 532 1249 573 eam
1263 513 1428 589 nympham

112 611 301 688 Arcadicum,
323 611 458 672 Euandri
481 613 618 687 matrem,
641 609 843 686 credidissent,
866 630 934 670 cnm
957 610 1062 672 Graeci
1085 612 1161 672 hanc
1182 611 1356 670 Themidem
1378 613 1428 671 vel

113 712 305 772 Nicostraten
328 701 566 788 appellarent¹⁸l
604 708 717 779 Quodsi
740 708 899 786 quicquam
922 710 1055 770 conicere
1078 709 1161 785 licet,
1185 710 1224 769 ad
1247 711 1333 769 deam
1357 707 1427 769 Car·

111 813 232 870 mentae
259 809 388 869 similem
410 809 494 868 velut
516 808 689 867 Themidem
717 807 766 867 val
788 806 945 884 Ilithyiam
971 809 1020 869 vel
1044 808 1206 884 Tellurem,
1233 808 1361 868 fortusse
1389 807 1427 867 ad

111 907 226 967 Herem
249 906 347 984 ipsam
368 908 465 986 legem
488 906 565 964 hauc
589 905 736 981 pertinere
760 905 943 965 coniecerim.
980 906 1082 967 Etiam
1105 907 1293 983 proditorum
1310 906 1427 982 patriae

113 1005 245 1065 exclusio
269 997 310 1087 (r.
327 997 383 1085 10)
407 1003 560 1063 Themidis
582 1003 631 1063 vel
650 1003 777 1062 Telluris
801 1004 871 1062 fano
895 1007 967 1081 apta
990 1009 1062 1064 eret.
1099 1006 1217 1064 Numen
1241 1007 1340 1064 autom
1364 1023 1427 1064 esse

112 1105 275 1182 genuinum
295 1101 441 1163 Graecum
462 1121 517 1178 pro
541 1105 621 1161 certo
644 1101 739 1161 habeo
760 1102 807 1160 vel
823 1101 899 1180 ideo,
923 1105 995 1178 quia
1012 1104 1092 1162 inter
1109 1105 1271 1180 praecepta
1288 1101 1428 1164 lustralia

111 1202 247 1261 ciborum
269 1202 457 1278 impurorum
479 1199 591 1260 mentio
615 1191 753 1281 deest¹⁴)‚
776 1200 813 1259 de
831 1217 892 1276 qna
914 1218 947 1257 re
971 1200 1007 1257 cf.
1026 1219 1055 1276 p.
1077 1201 1149 1260 150.

203 1298 293 1378 Legis
329 1301 424 1375 ipsius
461 1301 562 1375 partes
599 1315 662 1356 esse
698 1297 772 1358 duas
803 1301 883 1358 recte
915 1297 1042 1357 editores
1080 1301 1263 1358 statuerunt:
1300 1299 1427 1358 alteram

112 1398 258 1458 v.1-14
282 1396 319 1456 de
341 1397 422 1470 lano,
445 1397 570 1456 alteram
589 1415 616 1454 v.
634 1396 755 1456 15-20
779 1395 815 1456 de
837 1396 950 1473 templo
972 1398 1038 1473 ipso
1063 1397 1212 1473 adeundo;
1235 1399 1428 1476 praeceptum

112 1500 228 1570 autem,
265 1496 344 1572 quod
378 1495 492 1555 duobus
524 1496 682 1570 postremis
714 1493 848 1554 versibus
880 1496 1062 1570 continetur,
1095 1495 1332 1555 additamentum
1363 1512 1427 1554 esse

112 1595 227 1654 maiore
249 1594 357 1670 spatio,
380 1593 460 1669 quod
483 1594 562 1652 inter
583 1612 611 1650 τ.
632 1595 674 1652 20
698 1595 730 1652 et
753 1595 793 1651 21
818 1596 915 1666 vacat,
938 1591 1132 1670 significatur.

204 1691 241 1749 V.
262 1695 278 1750 1
309 1689 446 1770 εὐσέβεας
469 1711 484 1750 e
507 1691 645 1751 sollemni
670 1691 746 1770 legis
769 1689 889 1750 exordio
913 1693 1056 1766 superest,
1084 1690 1120 1750 of.
1143 1691 1219 1768 legis
1242 1711 1271 1750 n.
1293 1691 1355 1750 148
1379 1710 1427 1750 ex·

115 1789 247 1865 crdium;
269 1809 297 1849 v.
319 1790 502 1868 sicigitur
523 1786 574 1849 καί
597 1786 709 1870 ἁγνοίς,
732 1788 811 1865 quod
829 1787 881 1847 Kr.
905 1790 1069 1864 proposuit,
1092 1790 1218 1848 fortasse
1241 1791 1365 1849 rectum.
1384 1821 1429 1832 -

114 1891 182 1948 ui
207 1885 266 1949 ιἰπδ
289 1887 394 1959 κάδεος
418 1886 483 1947 ἰδίω
506 1889 595 1947 i.e.a
616 1889 717 1946 luctu
740 1886 915 1947 domestico:
939 1886 976 1946 cf.
994 1907 1023 1944 n.
1043 1885 1105 1945 148
1125 1906 1153 1946 v.
1170 1887 1210 1946 13
1234 1883 1293 1946 ἀπδ
1316 1883 1430 1962 κήδους

115 1980 257 2066 [οίκ]είου
281 1989 311 2046 et
329 2006 357 2044 n.
379 1987 440 2046 201
465 2006 493 2044 v.
515 1987 533 2044 3
562 1982 621 2046 ἀπὸ
644 1983 764 2056 πάθους
787 1983 875 2044 ἰδίου.
921 1984 1047 2044 Brevius
1072 1983 1152 2060 quod
1179 1985 1314 2060 sequitur
1335 1985 1429 2044 tridui

115 2085 246 2162 spatium
266 2084 304 2144 ad
322 2102 371 2144 eos
389 2085 549 2144 manifesto
568 2084 706 2159 pertinet,
730 2083 783 2159 qui
803 2083 901 2141 funeri
919 2084 1069 2142 intersunt
1086 2083 1194 2159 alieno,
1217 2082 1302 2142 velut
1320 2103 1347 2142 u.
1364 2085 1428 2143 192

115 2183 314 2260 distinguitur
332 2179 391 2242 ἀπὸ
410 2180 523 2258 κήδους
544 2213 584 2223 -
604 2181 781 2258 δευτεραῖος,
803 2177 862 2242 ἀπὸ
882 2176 915 2240 δὲ
932 2177 1031 2256 τοίφου
1050 2178 1100 2240 καί
1118 2178 1248 2258 ἐκφορᾶς
1266 2212 1310 2222 -
1329 2179 1429 2258 αὐδη-

115 2271 259 2362 μερόυ.“)
328 2279 528 2358 Papageorgii
559 2280 654 2358 igitur
685 2278 925 2356 supplementum
957 2275 1114 2357 dllcrpllcs
1141 2280 1205 2338 reri
1233 2279 1428 2338 simillimum.

114 2378 226 2456 Legem
250 2378 385 2438 Erosium
408 2379 586 2438 severiorem
609 2395 671 2438 esse
695 2380 774 2438 nota.

204 2475 242 2535 V.
258 2476 343 2535 5-8
368 2476 404 2534 de
427 2476 623 2552 puerperio
647 2477 757 2554 agitur,
780 2477 811 2536 et
832 2476 891 2553 ipsi
914 2476 1034 2551 quidem
1051 2495 1214 2551 puerperae
1237 2475 1317 2535 haud
1340 2475 1429 2535 dubie

114 2575 139 2634 ii
162 2576 362 2650 opponuntur,
386 2575 437 2649 qui
461 2592 528 2632 eam
551 2576 657 2633 curant
679 2575 842 2650 iuvantque
865 2573 948 2633 velut
971 2573 1114 2633 obstetrix
1138 2591 1173 2633 ac
1195 2573 1331 2648 maritus,
1355 2592 1429 2650 quos

114 2675 188 2732 item
210 2671 279 2732 inde
301 2673 434 2748 impuros
456 2671 560 2732 haberi
583 2673 728 2732 minorem
754 2675 855 2732 tamen
878 2692 932 2748 per
954 2672 1070 2731 dierum
1091 2691 1248 2731 numerum
1275 2675 1429 2732 consents·

115 2790 204 2831 neum
231 2761 331 2851 estll)
377 2770 443 2828 Iam
470 2789 540 2830 vcro
569 2771 627 2830 duo
654 2770 814 2848 puerperia
842 2771 1080 2848 distinguuntur,
1108 2769 1160 2830 sed
1182 2772 1304 2830 nomina
1327 2789 1429 2830 eorum

115 2869 215 2929 deleta
238 2871 307 2928 sunt
330 2871 361 2927 et
384 2887 418 2927 ec
437 2867 608 2928 difficiliora
626 2869 665 2928 ad
686 2868 912 2943 restituendum,
937 2869 1007 2945 quia
1026 2871 1100 2944 quot
1117 2868 1238 2928 litterae
1255 2869 1344 2927 initio
1363 2887 1429 2928 ver-

114 2986 203 3027 suum
224 2967 378 3044 perierint,
402 2970 482 3026 certo
506 2985 566 3025 non
588 2968 650 3024 iam
669 2967 818 3042 explorari
835 2959 984 3047 potest.¹⁷)
1022 2966 1127 3042 Aeque
1146 2969 1237 3042 atque
1255 2966 1288 3024 in
1304 2967 1429 3043 reliquis

115 3065 248 3125 eiusdem
270 3064 387 3144 generis
409 3064 526 3143 legibus
550 3063 688 3124 abortum
712 3083 730 3123 a
753 3083 894 3140 prospero
917 3067 1008 3141 partu
1030 3064 1178 3141 distingui
1196 3066 1227 3124 et
1244 3085 1299 3140 per
1316 3083 1348 3125 se
1364 3067 1430 3124 veri

114 3163 301 3224 simillimum
330 3165 376 3222 est
403 3165 433 3222 et
460 3165 559 3239 spatio
587 3162 787 3241 quadraginta
815 3163 929 3222 dierum
952 3161 1071 3223 lustrali
1099 3154 1350 3243 confirmatur¹⁸)‚
1378 3162 1430 3222 sed

189 3336 233 3404 13)
260 3331 295 3387 cf.
314 3332 398 3386 Dion.
418 3330 560 3388 Halicarn.
580 3331 593 3385 Ι
611 3337 644 3386 81
668 3331 761 3402 ἠγεῖτο
785 3331 817 3386 δὲ
838 3339 889 3402 τῆς
912 3329 1045 3394 ἀποικίας
1061 3331 1211 3400 Εὔανδρος
1225 3329 1331 3402 Ἑρμοῦ
1349 3330 1430 3402 γοοδ-

115 3433 201 3484 μενος
219 3413 268 3469 καί
286 3413 399 3484 νύμφης
417 3412 495 3476 τινδς
509 3407 635 3480 Ἀρκάσιν
654 3409 806 3484 ἐπιχωρίας
823 3410 860 3481 ἣν
875 3412 902 3467 cl
920 3411 1111 3483 μὲνἝίίηνες
1127 3410 1215 3482 Θέμιν
1230 3407 1304 3467 εἶναι
1318 3411 1430 3484 λέγουσι

114 3495 166 3548 καὶ
192 3491 373 3563 θεοφόρητον
396 3489 616 3561 ἀποφαίνουσιν,
645 3492 672 3549 οἱ
695 3491 727 3548 dl
749 3492 800 3555 τὰς
819 3489 974 3562 Ῥωμαϊκὰς
997 3491 1210 3563 συγγράψαντες
1232 3490 1431 3563 ἀρχαιολογίας

113 3581 150 3646 τῇ
172 3571 280 3647 πατρίῳ
299 3575 406 3644 γλώσσῃ
424 3571 584 3641 Καρμέντιν
608 3572 805 3644 δνομοίζουσιυς
831 3573 916 3642 plura
933 3572 1031 3628 attuit
1049 3573 1187 3628 Wissowa
1206 3574 1266 3628 Rcl.
1280 3591 1309 3628 κ.
1324 3573 1430 3629 Kallas

190 3737 235 3806 14)
257 3733 337 3788 nulla
355 3736 421 3788 anta
435 3751 460 3787 v.
477 3740 492 3787 2
507 3735 661 3803 praccepta
677 3733 785 3804 perisse
799 3736 828 3787 et
843 3732 984 3804 particula
1004 3731 1055 3810 μέν
1069 3737 1098 3788 et
1116 3749 1183 3788 roco
1198 3732 1337 3806 εὐσέβεας,
1356 3750 1429 3804 quae

115 3814 225 3870 exordii
244 3829 381 3869 conexum
399 3813 515 3879 indicat,
536 3816 663 3883 apparet.

191 3897 235 3964 1ο)
263 3894 396 3948 adversus
418 3893 473 3949 hoc
495 3893 655 3963 exemplum
677 3909 727 3948 cur
745 3893 791 3948 lir.
811 3893 956 3963 publicum
979 3894 1089 3964 privato
1114 3893 1204 3948 luctui
1223 3894 1328 3963 opponi
1346 3893 1430 3948 malit

117 3977 186 4046 (ἀπὸ
206 3971 343 4044 δαμοσίω)
360 3991 418 4029 non
436 3990 578 4042 assequor,
596 3972 762 4044 praesertim
782 3991 845 4028 cum
864 3973 951 4028 etiam
968 3974 999 4028 iu
1017 3973 1132 4044 publico
1151 3973 1238 4042 luctu,
1257 3973 1351 4042 qualis
1365 3977 1430 4044 post

116 4055 228 4111 cladem
242 4070 266 4109 e.
276 4073 303 4124 g.
316 4054 464 4122 existebat,
483 4054 559 4110 idem
574 4055 649 4124 qnod
664 4071 750 4124 supra
763 4054 851 4108 statui
865 4055 1016 4109 discrimen
1029 4054 1158 4121 valuerit,
1177 4055 1311 4124 qnoniam
1325 4071 1429 4124 cogna-

115 4139 161 4192 tos
180 4135 304 4190 militum
323 4149 468 4190 caesorum
486 4135 578 4204 magis
601 4151 688 4204 quam
711 4137 818 4190 ceteros
843 4132 1008 4205 μιαίνεσθαι
1031 4138 1249 4190 consentaneum
1267 4139 1336 4191 erat.
1374 4134 1429 4201 Qui

13 4241 16 4256 ·
116 4219 193 4272 esset
209 4215 274 4270 finis
293 4215 419 4270 familiae
437 4215 575 4282 funestae,
594 4215 747 4286 diligenter
764 4214 827 4285 lege
847 4215 1079 4281 constituebatur,
1099 4215 1134 4271 cf.
1153 4234 1180 4270 u.
1195 4215 1338 4270 98Aextr.

190 4299 235 4365 16)
263 4295 297 4351 ci.
317 4297 431 4365 praeter
452 4295 820 4365 Eur.1ph.Teur.880sq.‚
845 4312 914 4364 quor
933 4311 1028 4350 versus
1051 4297 1186 4365 exscripsi
1205 4303 1313 4365 p.1c1‚
1341 4297 1429 4351 stiam

117 4377 257 4446 Theophr.
277 4375 358 4432 Char.
376 4381 443 4444 lus
470 4372 531 4431 οὔτ’
553 4375 599 4432 ἐπί
617 4376 717 4444 νεκρὸν
736 4372 797 4430 οὔτ’
818 4375 865 4432 ἐπὶ
883 4375 952 4447 ίεγδι
970 4376 1066 4431 swero
1084 4377 1231 4446 ἐθελῆσαι,
1254 4375 1322 4432 ἀλλὰ
1341 4377 1372 4432 τὸ
1391 4377 1428 4447 μὴ

116 4454 284 4528 μιαίνεσθαι
306 4453 450 4525 συμφέρον
469 4455 559 4530 ἑαυτῷ
579 4463 669 4526 φῆσαι
692 4453 766 4511 εἶναι
784 4458 813 4510 et
831 4455 933 4526 Porph.
950 4456 986 4511 ds
1005 4455 1076 4512 abst.
1091 4455 1174 4512 Nlo
1198 4453 1295 4527 ἐπίσης
1312 4454 1429 4528 μεμίαν-

117 4558 164 4592 ται
182 4534 214 4592 τό
233 4556 262 4592 τε
281 4539 378 4608 lazese
395 4536 532 4606 ἅψασθαι
549 4538 598 4592 καί
616 4537 647 4592 τὸ
666 4533 833 4608 δνησιδίων.

190 4618 235 4687 lt)
261 4616 292 4670 in
314 4615 457 4671 nonnullis
480 4616 556 4671 euim
578 4617 703 4671 versibus
727 4617 852 4686 spatium
875 4616 994 4672 duarum
1016 4615 1076 4672 fere
1100 4616 1260 4672 litterarum
1278 4633 1296 4672 a
1315 4617 1430 4672 sinistra

117 4715 237 4754 vacuum
254 4696 385 4752 relictum
404 4700 459 4764 est;
481 4697 516 4751 ef.
531 4697 618 4752 etiam
637 4713 710 4766 quae
728 4697 759 4752 iu
777 4696 910 4751 lemmate
930 4712 963 4751 ex
981 4697 1028 4752 Kr.
1048 4697 1083 4750 de
1101 4696 1192 4752 forma
1210 4697 1315 4768 lapidis
1334 4697 1428 4754 attuli.

192 4779 236 4848 18)
259 4781 330 4832 ulli
346 4783 396 4832 ut
417 4777 474 4832 ἀπὸ
493 4781 608 4848 φθορᾶς
626 4777 675 4834 διὰ
693 4777 803 4848 ἡμερῶν
817 4775 1029 4845 τετταράκοντα,
1048 4796 1075 4832 n.
1088 4782 1138 4832 148
1158 4779 1215 4833 ἀπὸ
1230 4775 1378 4847 φδορείωυ
1391 4779 1429 4848 μ’,

117 4864 206 4916 11201
222 4863 274 4913 ab
289 4860 319 4912 et
333 4861 366 4912 10
382 4857 540 4928 ἐκτρασμοῦ
554 4857 595 4928 μ’;
612 4861 737 4914 ceterum
750 4872 850 4912 moneo
864 4859 960 4912 tamen
974 4858 1062 4912 etiam
1075 4857 1179 4912 instem
1193 4875 1361 4928 puerperam
1374 4857 1429 4914 boc

116 4939 209 4994 teneri
222 4954 338 4993 numero
352 4938 429 4994 tradi
442 4955 460 4992 α
470 4937 620 4994 Censorino
633 4939 679 5010 (de
689 4939 736 4994 die
749 4937 840 4993 natali
856 4943 898 5003 11,
907 4941 941 5009 t).
968 4937 1136 4994 Iudaeorum
1149 4940 1263 5008 partum
1276 4937 1389 5008 puellae
1400 4941 1429 4993 et

171 5039 244 5089 Ιιιςοι
259 5039 337 5080 ureae.
347 5039 431 5080 Sacrae
445 5037 479 5079 ed
489 5039 603 5080 ziehen.
1179 5031 1213 5081 20
