3434 5464
704 373 813 429 CHIAE
831 392 858 430 n.
876 381 926 431 113
1414 377 1480 442 299

166 545 227 616 est,
257 559 312 601 'cur
344 542 465 602 verbum
497 541 716 622 προιερητεόειν
748 544 851 603 eadem
883 544 1101 622 significatione
1129 547 1305 623 praesertim
1332 547 1388 606 hoc
1415 547 1480 607 loco

168 642 326 716 aptissima
349 641 487 716 usurpari
510 659 660 719 negemus.
697 640 762 700 lam
785 661 855 701 vero
879 643 931 718 qui
955 645 1026 702 sunt
1047 644 1181 703 homiues
1200 645 1247 702 illi
1271 636 1313 704 ὧν
1332 644 1366 702 αἱ
1381 644 1481 724 λόγχαι

170 737 255 818 εἰσίν,
279 759 294 796 e
319 739 427 816 quibus
450 740 586 800 sacerdos
605 739 734 800 vicarius
753 739 912 799 sumendus
936 737 1003 800 est?
1039 740 1219 801 Studniozka
1238 741 1274 800 de
1293 745 1373 801 vocis
1392 742 1481 822 λόγχη

170 837 251 914 apud
273 837 360 897 Iones
385 855 440 896 usu
464 839 536 897 scite
565 838 670 897 attulit
692 837 762 897 Hes.
785 835 888 917 λόγχη·
921 837 1017 916 λῆξις,
1042 839 1136 918 μερίς·
1169 837 1219 899 καλ
1243 835 1258 898 6
1281 847 1334 899 τοῦ
1359 839 1482 920 δόρατος

169 934 291 1014 σίδηρος
305 966 349 976 -
363 932 474 1014 λόγχαι·
498 931 683 1008 ἀπολαύσεις.
700 967 741 976 -
757 932 916 1016 εὐλογχεῖν·
941 933 1098 1016 εὐμοιρεῖν.
1113 967 1156 976 -
1175 935 1223 995 Et.
1238 936 1338 1014 Magn.
1355 937 1428 1010 569,
1440 938 1481 995 34

169 1033 273 1113 λόγχας
296 1029 348 1104 τὰς
371 1032 491 1112 μερίδας
507 1030 607 1105 Ἴωνες
630 1030 781 1112 λέγουσιν·
798 1027 869 1092 Ἴων
891 1031 923 1092 ἒν
937 1033 1016 1093 Χίου
1039 1033 1130 1092 κτίσει
1154 1029 1204 1092 ’ἐκ
1223 1041 1275 1111 τῆς
1297 1030 1357 1094 Tiro
1376 1033 1482 1116 λόγχης

167 1130 274 1211 λόγχας
290 1126 411 1190 ·ττοιεῖν.’
449 1131 535 1190 Unde
558 1130 709 1207 profectus
732 1131 861 1191 Frinlrel
880 1122 1013 1211 (Ικεολν.
1026 1151 1053 1190 ο.
1067 1133 1150 1206 Pero.
1165 1130 1180 1188 Ι
1198 1153 1227 1209 p.
1245 1123 1332 1212 168),
1356 1150 1422 1190 cum
1446 1132 1481 1192 de

166 1230 259 1289 verbo
281 1227 501 1309 τροιερητεύειν
523 1232 604 1290 reete
626 1229 802 1304 iudicasset,
828 1231 927 1288 minus
950 1229 1080 1288 feliciter
1101 1229 1180 1288 hunc
1203 1229 1301 1288 locum
1323 1232 1368 1289 ita
1390 1233 1481 1290 inter-

167 1329 304 1403 pretatus
323 1329 383 1386 est:
403 1321 449 1386 ‘cs
468 1327 523 1386 soll
539 1331 572 1386 λα
587 1325 785 1388 nocenter
803 1327 853 1387 des
865 1327 1009 1386 Peterem
1027 1328 1172 1402 ἀοιῇαιιςι
1190 1345 1246 1387 aas
1264 1329 1330 1387 όαο
1346 1329 1482 1388 eisdem

170 1425 425 1500 Trmpalpersooal
441 1426 605 1500 [ακρλαακ
628 1425 685 1484 deo
702 1425 758 1485 dos
775 1425 838 1485 Los
857 1420 1034 1494 όααοόαίικαί,
1058 1425 1107 1485 cui
1125 1427 1290 1486 sententiae
1310 1431 1340 1486 et
1357 1427 1482 1502 pluralis

165 1513 211 1584 ὧν
230 1526 261 1582 et
281 1523 408 1599 pluralis
432 1521 466 1581 αἱ
481 1521 581 1602 λόγχαι
603 1525 781 1600 repugnant.
817 1522 1030 1600 Dittenberger
1048 1527 1156 1600 autem,
1182 1524 1262 1600 quod
1280 1543 1339 1583 non
1358 1523 1482 1584 dubium

167 1621 251 1696 dicit,
275 1623 348 1697 quin
370 1621 586 1698 intellegantur
607 1622 635 1678 ei
654 1613 699 1692 οἷς
718 1617 829 1698 μέτεστι
847 1629 905 1680 τῶν
924 1620 1011 1700 ίερῶν
1027 1629 1081 1681 τοῦ
1094 1613 1285 1700 Ἡρακλέους,
1308 1623 1365 1682 etsi
1384 1622 1482 1698 qualis

167 1721 229 1778 fere
253 1737 355 1778 sensus
383 1737 495 1778 conexu
522 1720 701 1794 postuletur,
732 1719 821 1778 solito
850 1719 985 1778 acumine
1012 1719 1175 1792 intellexit,
1202 1719 1355 1795 propriam
1381 1723 1482 1779 tamen

169 1817 327 1876 verborum
355 1816 417 1876 vim
444 1816 576 1875 nondum
604 1809 802 1898 explicavit.⁸)
848 1813 930 1884 Quae
959 1815 1110 1893 detegitur
1133 1816 1260 1875 articulo
1285 1819 1355 1876 ante
1383 1815 1483 1896 λόγχαι

168 1907 278 1992 posito,
301 1915 379 1973 unde
401 1917 497 1974 certas
521 1914 665 1990 quasdam
685 1913 790 1992 λήξεις,
814 1917 908 1974 sortes
927 1933 966 1974 sc.
981 1915 1158 1992 gentilicias‚
1183 1913 1346 1993 significari
1364 1915 1482 1993 colligo.

168 2013 319 2072 Dicuntur
341 2016 450 2087 autern,
474 2013 506 2070 ni
519 2011 607 2072 valde
626 2012 724 2086 fallor,
748 2031 888 2090 agrorum
906 2016 1000 2072 sortes
1019 2014 1082 2072 eius
1102 2014 1209 2091 gentis,
1233 2013 1268 2071 de
1288 2015 1371 2073 cuius
1390 2013 1482 2073 sacris

169 2114 282 2189 agitur,
299 2101 476 2192 propriae.⁹)
514 2108 633 2185 Sensus,
653 2113 707 2187 qui
715 2107 769 2170 'ita
787 2110 897 2186 evadit,
917 2112 1049 2188 optimus
1068 2114 1126 2170 est:
1149 2115 1184 2171 ut
1202 2111 1299 2170 Mileti
1318 2110 1351 2168 in
1369 2111 1483 2186 templo

168 2209 300 2286 publico,
322 2207 347 2268 si
369 2210 430 2284 ipsi
452 2207 601 2267 sacerdoti
623 2227 746 2268 munere
764 2207 851 2287 fungi
868 2228 928 2268 non
951 2209 1030 2282 licet,
1056 2210 1167 2268 civium
1186 2209 1295 2284 aliquis
1313 2216 1483 2289 προιερᾶτιιι

165 2299 211 2388 (n.
224 2298 312 2387 159),
333 2307 425 2365 sicin
443 2306 490 2364 his
509 2308 601 2365 sacris
621 2307 782 2384 gentiliciis
802 2306 923 2366 absente
942 2306 1095 2366 sacerdote
1114 2306 1271 2384 gentilium
1286 2307 1396 2382 aliquis
1410 2326 1483 2384 τορο-

166 2403 318 2484 ιερητεύει.
330 2401 538 2463 Gentilitetem
552 2407 653 2463 autem
667 2404 850 2480 possessione
865 2405 954 2464 sortis
968 2405 1034 2482 agri
1048 2405 1193 2483 gentilicii
1207 2403 1370 2483 significari
1380 2423 1482 2480 quam-

169 2504 215 2562 vis
239 2503 391 2582 singulare
414 2502 462 2574 sit,
486 2503 598 2579 optime
621 2505 723 2561 tamen
743 2501 803 2561 iuri
821 2504 955 2581 gentium
974 2503 1099 2578 antiquo
1118 2502 1283 2579 respondet,
1308 2505 1338 2561 et
1357 2503 1483 2562 fortasse

167 2604 270 2660 tamen
292 2598 453 2676 praebetur
476 2599 646 2674 exemplum
668 2599 765 2659 simile
788 2600 865 2678 legis
888 2599 1051 2676 Gortynios
1075 2598 1138 2658 tv
1158 2621 1184 2659 r.
1206 2601 1246 2660 25
1258 2617 1321 2676 sqq.
1344 2598 1375 2658 αλ
1397 2595 1483 2676 cipi

164 2690 227 2758 τῖεν
249 2695 455 2776 ἐπιβάλλοντες
486 2705 539 2769 τᾶς
569 2697 703 2776 fornice,
732 2695 838 2770 οἵτινές
865 2691 893 2757 κ’
920 2696 995 2756 λὀντι
1022 2694 1038 2758 6
1062 2701 1183 2777 κλᾶρος,
1211 2695 1333 2768 τούτοις
1360 2694 1426 2756 iuer
1448 2694 1484 2756 τὰ

168 2793 309 2876 κρέμαιτο,
335 2795 388 2854 ubi
416 2795 551 2872 plerique
578 2813 650 2854 sane
679 2793 806 2855 editores
830 2795 1062 2854 Zitelrnannium
1091 2795 1187 2854 secuti
1211 2813 1313 2855 vocem
1337 2791 1352 2855 6
1376 2796 1483 2872 κλᾶρος

166 2892 205 2953 de
229 2893 321 2953 serris
343 2892 532 2952 hereditariis
551 2886 787 2975 intellegantm),
810 2893 861 2954 sed
879 2893 978 2952 nescio
997 2912 1036 2952 en
1054 2894 1121 2969 ipse
1139 2911 1203 2953 sors
1223 2893 1288 2972 agri
1307 2895 1337 2952 et
1356 2893 1482 2972 gentiles

166 2991 233 3051 eius
256 2991 418 3068 participes
442 2990 587 3050 dicantur.

258 3098 294 3156 V.
317 3100 356 3157 15
391 3119 414 3156 τ.
437 3093 536 3168 όλλοις
563 3091 684 3177 [reddor
712 3095 789 3174 6]ooa
817 3097 837 3157 ί.
860 3095 1017 3175 ἐώνηνταιε
1050 3097 1074 3156 si
1108 3096 1228 3173 quidem
1257 3097 1354 3175 gentis
1386 3097 1483 3175 legem

168 3196 322 3271 habemus,
345 3196 437 3255 verba
459 3215 519 3254 non
543 3195 581 3255 ed
604 3196 733 3272 publica,
758 3197 810 3255 sed
832 3195 870 3254 ad
893 3197 990 3274 gentis
1014 3195 1076 3255 alia
1099 3194 1265 3255 sacerdotia
1287 3195 1372 3254 velut
1389 3194 1482 3270 Apol-

168 3295 239 3354 linis
262 3295 365 3354 Patroi
387 3293 542 3353 referenda
564 3297 642 3354 sunt.
679 3295 796 3354 Notatu
818 3296 921 3354 autem
944 3294 1032 3354 valde
1055 3292 1180 3371 dignum
1203 3292 1278 3351 mihi
1296 3292 1417 3351 videtur
1434 3293 1482 3351 vel

167 3393 200 3452 in
219 3393 373 3472 gentilicia
391 3409 476 3452 sacra
494 3393 737 3452 consuetudinem
757 3393 924 3452 sacerdotia
942 3391 1087 3452 vendendi
1112 3389 1237 3465 emendi,
1261 3390 1404 3449 nimirum
1423 3408 1483 3448 non

169 3490 227 3550 nisi
250 3491 329 3550 inter
352 3489 479 3568 gentiles
499 3491 589 3566 ipsos,
612 3490 765 3550 invasisse.
803 3489 886 3558 Quae
905 3487 1088 3549 consuetudo
1108 3507 1176 3547 cum
1194 3490 1263 3565 post
1277 3487 1482 3546 Alexandrum

168 3589 312 3668 Magnum
334 3588 454 3646 demum
477 3589 625 3647 exstitisse
644 3577 839 3666 videatur¹¹)‚
862 3607 899 3645 ne
921 3586 999 3646 hano
1018 3586 1138 3661 quidem
1159 3586 1256 3663 legem
1275 3586 1370 3662 priori
1388 3586 1484 3644 aetati

166 3686 271 3746 deberi
294 3685 356 3744 veri
381 3685 477 3744 simile
501 3689 554 3745 est.

259 3975 285 4042 8)
314 3971 349 4025 de
369 3970 493 4040 ipsorum
511 3969 659 4024 rerbomm
682 3969 926 4040 interpretatione.
938 3969 1061 4024 incertus
1081 3969 1203 4035 videtur,
1229 3969 1284 4024 nisi
1302 3968 1383 4036 inde,
1406 3967 1483 4037 qu‘od

170 4054 207 4108 ad
225 4053 290 4105 Hes.
311 4068 331 4104 e.
347 4067 371 4106 r.
390 4048 501 4122 λόγχαι·
528 4049 698 4114 ἀπολαύσεις
721 4049 868 4105 adnotavit
888 4050 1031 4104 ‘ridentia
1049 4047 1159 4119 μερίδες
1176 4051 1321 4120 epularem
1338 4065 1482 4104 samaram

168 4133 290 4203 intellegi
296 4131 303 4157 ’
333 4146 398 4185 eum
420 4129 490 4184 haec
510 4147 621 4200 quoque
640 4130 726 4183 rerba
744 4129 780 4186 de
802 4132 864 4184 iure
881 4129 1025 4200 portiones
1048 4145 1083 4182 ex
1100 4128 1192 4198 epulis
1215 4129 1303 4184 sacris
1323 4128 1482 4198 accipiendi

167 4211 343 4267 intellexisse
362 4209 552 4281 colligendum
571 4213 622 4265 est.
655 4210 760 4279 Utique
779 4210 823 4264 ius
841 4208 1020 4280 gentilicium
1034 4208 1076 4263 ita
1089 4208 1140 4264 ie.
1155 4224 1194 4277 re,
1213 4225 1286 4277 qnae
1306 4225 1340 4264 ex
1353 4208 1407 4262 hoc
1420 4208 1482 4264 iure

166 4294 283 4346 demum
302 4291 454 4357 derivatur,
473 4290 584 4345 definiri
602 4291 662 4345 reri
681 4289 819 4344 dissimile
837 4291 914 4360 puto.

259 4383 286 4450 9)
315 4379 431 4434 minime
455 4378 546 4434 solum
564 4379 732 4434 vocabulum
755 4381 857 4448 κλῆρος
880 4379 915 4433 de
934 4379 996 4449 agri
1015 4380 1089 4433 sorte
1108 4379 1239 4448 usurpari
1258 4379 1303 4432 rix
1327 4381 1382 4445 est,
1407 4378 1483 4448 qnod

165 4462 277 4528 dicam3
301 4459 336 4514 cf.
355 4463 452 4515 tamen
474 4462 587 4530 praeter
605 4459 692 4530 Harp.
713 4477 773 4514 av.
792 4459 972 4530 ληξιαρχικὸν
990 4467 1179 4529 γραμματεῖον
1202 4461 1232 4513 et
1249 4458 1331 4512 Paua
1346 4457 1411 4512 Vll]
1429 4464 1482 4525 4,5

165 4543 256 4596 etiam
279 4540 355 4595 vocis
378 4539 463 4612 λόχος
484 4541 514 4594 in
538 4539 602 4611 lege
625 4539 771 4594 Mantinea
790 4539 884 4594 BGH
899 4537 965 4592 XVI
982 4556 1009 4608 p.
1025 4543 1142 4606 oersqq.
1163 4539 1313 4610 (Fougdres
1337 4539 1483 4594 Μακλλκόι

168 4639 195 4692 p.
211 4624 322 4690 cusq.)
341 4637 423 4674 usum
441 4619 661 4675 memorabilem.

242 4711 286 4780 10)
315 4709 401 4765 etiam
430 4709 479 4777 qui
507 4709 667 4778 nuperrime
695 4707 845 4762 ediderunt
867 4706 1367 4763 nmero-Houseouuier-Reinech
1394 4709 1482 4762 Iraacr.

169 4790 254 4845 ius-id.
268 4807 309 4860 gr.
328 4788 341 4841 Ι
360 4789 428 4843 fasc.
444 4794 459 4842 3
478 4807 505 4859 p.
522 4794 573 4843 369
592 4792 649 4844 not.
665 4793 681 4842 3
701 4792 730 4844 et
747 4807 775 4859 p.
791 4793 924 4857 aaaeqq„
947 4787 1028 4843 Blass
1047 4787 1162 4843 SGDI
1176 4793 1254 4842 4991.
1293 4787 1370 4842 Unus
1394 4803 1482 4856 quan-

165 4873 231 4924 tum
249 4870 331 4924 rideo
352 4867 481 4924 Sohaube
499 4871 603 4924 sortem
622 4869 714 4939 ipsam
732 4867 886 4925 intellexit:
904 4869 1020 4924 Hermes
1038 4867 1102 4922 XXI
1120 4886 1147 4938 p.
1163 4873 1223 4922 222.

243 4962 286 5030 11)
316 4959 351 5014 of.
371 4959 529 5014 Herbrecht
547 4959 591 5014 Da
609 4959 756 5014 sacedotis'
774 4957 852 5026 apud
872 4957 990 5014 ἅταιαοο
1007 4959 1140 5027 ereptione
1158 4957 1312 5012 οιιιόὶλλοκι
1331 4974 1357 5024 p.
1373 4960 1416 5009 36.
