3450 5458
667 298 872 354 massanus
891 304 968 352 aas
1408 305 1469 368 177

153 470 361 528 coniecturam
383 469 481 543 prirno
505 469 631 528 fortasse
654 471 819 543 speciosam
839 468 976 544 Toepffer
998 470 1111 545 optimo
1134 471 1201 527 iure
1222 461 1375 552 reiecit.⁶⁶)
1413 473 1470 532 Re·

156 565 277 625 icienda
296 569 341 626 est
359 566 407 625 vel
425 569 548 642 propter
566 584 669 626 versus
688 566 823 643 Methapi
840 565 1021 642 Lycomidae
1040 584 1058 624 a
1076 565 1228 627 Pausania
1247 569 1369 628 allatos:

375 715 483 798 ἥγνισα
507 710 535 776 d’
557 709 696 796 Ἑρμείαο
719 715 831 795 δόμους
854 714 996 795 [σεμνῆς]
1020 739 1049 778 ιε
1072 714 1201 777 κέλευθα

375 813 532 895 Δάματρος
554 813 605 874 καὶ
627 815 818 895 πρωτογόνου
841 815 962 895 Κούρας
986 814 1039 875 ὅθι
1062 813 1136 891 φασὶ

376 912 544 992 Μεσσήνην
567 916 667 973 θεῖναι
690 912 859 994 Μεγάλαισι
884 913 1004 973 Θεαῖσιν
1027 911 1128 993 άγῶνα
1151 919 1210 974 κτλ.

158 1067 214 1126 ubi
236 1066 313 1126 illud
335 1065 505 1146 Μεγάλαισι
530 1066 632 1126 Θεαῖσι
655 1068 736 1125 certo
759 1064 798 1125 ad
821 1067 1003 1142 superiorem
1021 1065 1178 1146 Δάματρος
1200 1071 1231 1127 et
1248 1068 1369 1148 Κούρας
1391 1090 1473 1129 rnen-
1562 1151 1566 1158 η

159 1166 275 1225 tionem
302 1164 438 1224 refertur.
483 1164 546 1223 Nec
573 1163 694 1223 omnino
717 1163 857 1223 credibile
880 1167 925 1224 est
947 1164 1125 1224 Pausaniam
1149 1167 1197 1225 vel
1226 1169 1377 1226 auctorem
1401 1170 1473 1244 eius,

159 1281 229 1322 eum
255 1264 288 1321 in
315 1262 423 1322 horum
449 1263 659 1338 mysteriorum
690 1262 848 1321 historiam
876 1263 1044 1321 accuratius
1071 1264 1236 1338 inquireret
1264 1296 1305 1306 -
1334 1265 1364 1324 id
1393 1265 1473 1343 quod

158 1380 230 1420 eum
252 1361 356 1421 fecisse
380 1359 535 1419 fatendum
558 1362 656 1419 cst-
675 1363 739 1420 tam
758 1379 877 1420 caecum
895 1360 995 1433 fuisse,
1018 1363 1053 1420 ut
1070 1361 1142 1420 talis
1161 1380 1243 1421 error
1261 1381 1329 1422 eum
1347 1365 1473 1441 fugeret,

160 1461 338 1536 praesertim
362 1461 416 1534 qui
433 1459 567 1516 Dearum
589 1457 767 1535 Magnarum
785 1475 845 1517 non
862 1457 960 1518 obiter
976 1461 1158 1518 mentionem
1176 1460 1287 1539 fecerit,
1311 1461 1363 1520 sed
1381 1464 1473 1522 etiam

160 1560 308 1634 expressis
330 1557 429 1616 verbis
457 1557 517 1616 alio
547 1557 612 1616 loco
635 1555 772 1615 Cererem
795 1555 1064 1632 Proserpinamque
1092 1557 1136 1615 Ita
1163 1557 1221 1617 dici
1250 1560 1384 1635 exemplo
1412 1560 1473 1619 An·

161 1657 270 1715 daniae
294 1655 514 1714 confirmaverit
537 1645 626 1736 (VIII
651 1645 760 1734 31,1).
806 1655 891 1714 Nihil
914 1657 1014 1714 autem
1037 1654 1146 1728 obstat,
1169 1675 1205 1714 nc
1224 1655 1394 1730 Messenios,
1418 1659 1474 1716 ctu

160 1754 282 1830 utrique
301 1752 373 1813 deae
392 1755 514 1812 seorsim
533 1751 696 1812 sacrificari
713 1752 760 1811 lex
779 1752 910 1826 iubebat,
928 1755 961 1811 in
979 1772 1113 1813 sermone
1131 1755 1232 1812 tamen
1251 1753 1338 1813 ambo
1351 1755 1474 1813 numina

161 1871 223 1911 uno
256 1852 374 1911 nominc
407 1850 653 1927 comprehendere
685 1850 789 1910 solitos
822 1869 885 1910 esse
917 1843 1115 1932 putemus.⁶⁷)
1166 1851 1279 1911 Vereor
1309 1871 1345 1910 ne
1377 1854 1474 1930 magis

161 1952 273 2010 mirum
296 1951 335 2008 sit
358 1947 516 2026 Δάματρος
543 1953 573 2008 et
587 1942 699 2028 ’Ἀγνας
725 1949 848 2007 nomina
870 1951 997 2024 utroque
1021 1949 1095 2023 loco,
1124 1948 1176 2008 ubi
1197 1951 1229 2009 in
1257 1951 1348 2008 titulo
1371 1950 1474 2028 legun-

160 2052 223 2124 tur,
251 2050 355 2107 ceteris
381 2046 566 2123 interpositis
590 2046 716 2124 seiungi.
762 2046 841 2105 Hinc
867 2047 1020 2124 profectus
1043 2047 1173 2106 Foueart
1194 2050 1256 2106 iam
1278 2050 1374 2108 totam
1398 2046 1475 2107 Pau·

162 2149 265 2206 saniae
288 2147 467 2206 sententiam
491 2147 626 2204 evertens
648 2145 721 2204 haec
743 2145 845 2220 potius
868 2145 1027 2204 statuenda
1050 2146 1180 2204 censuitz
1195 2139 1309 2226 ’Ἀγναν
1331 2165 1392 2205 non
1411 2164 1473 2206 esse

161 2245 287 2304 eandem
310 2245 396 2303 deam
416 2263 450 2302 ac
464 2241 578 2320 Κόρην,
601 2243 765 2319 nympham
783 2261 846 2302 esse
866 2245 967 2318 fontis,
990 2262 1078 2319 quem
1096 2245 1181 2303 iuxta
1199 2244 1393 2303 simulacrum
1411 2246 1475 2303 eius

161 2343 255 2402 fuisse
278 2341 442 2401 Pausanias
466 2345 496 2400 et
518 2341 626 2401 titilus
645 2340 842 2416 consentiunt,
864 2343 1008 2416 mysteria
1027 2343 1128 2400 autom
1146 2343 1262 2419 origine
1281 2341 1352 2401 sohs
1370 2341 1474 2421 Μεγά-

162 2443 226 2513 λοις
251 2440 352 2517 Θεοῖς,
381 2459 453 2516 quos
479 2439 601 2499 Sabiros
633 2439 791 2518 intellegit,
824 2441 892 2498 acta
924 2457 987 2498 esse
1019 2457 1073 2499 ncc
1097 2437 1232 2499 Cererem
1260 2441 1323 2498 ulla
1351 2440 1412 2499 alia
1439 2439 1475 2499 de

163 2557 255 2600 causa
268 2559 329 2598 una
344 2558 411 2598 eum
425 2539 462 2598 iis
476 2540 508 2596 in
522 2538 593 2598 fano
610 2538 722 2597 cultam
741 2555 812 2611 esse,
831 2537 889 2596 nisi
904 2537 974 2613 quia
987 2536 1115 2597 tutelam
1128 2537 1292 2598 Messeniae
1307 2529 1473 2617 gereret.⁵⁸)

162 2638 207 2696 At
230 2637 408 2698 adversatur
430 2655 490 2696 non
513 2636 601 2696 modo
625 2635 771 2694 disertum
793 2635 961 2694 Pausaniae
984 2635 1192 2695 testimonium
1215 2628 1273 2716 (IV
1289 2637 1376 2710 33,4
1399 2631 1419 2712 ἡ
1443 2631 1475 2694 δὲ

152 2729 252 2815 ’Ἁγνη
279 2733 381 2814 Κόρης
409 2743 461 2812 τῆς
488 2732 647 2813 Δήμητρός
675 2731 753 2792 ἐστιν
779 2725 959 2814 ἐπίκλησις),
990 2733 1073 2809 quod
1100 2734 1145 2793 iu
1172 2733 1260 2792 nihili
1289 2734 1386 2793 facere
1416 2753 1475 2792 non

163 2835 248 2908 licet,
280 2833 331 2892 sed
362 2833 454 2892 etiam
482 2835 513 2892 et
538 2832 642 2892 fabula
669 2831 705 2891 de
732 2830 890 2890 Andaniao
921 2831 1072 2908 mysteriis
1104 2851 1140 2890 es
1171 2832 1313 2891 Eleusine
1340 2831 1476 2908 repetitis

164 2924 267 3014 (Paus.
282 2925 381 3013 Ivi),
405 2949 481 3007 quae
500 2950 535 2990 ex
557 2931 639 2990 illius
662 2930 811 2990 sententia
834 2929 970 3006 intellegi
988 2933 1125 3004 nequeat,
1148 2933 1179 2988 ot
1196 2929 1330 3005 Methapi
1349 2947 1475 2989 carmen.

163 3031 226 3089 Nec
257 3031 323 3089 fons
351 3031 515 3088 necessario
543 3028 692 3105 nymphae
722 3045 807 3087 sacra
838 3028 965 3101 indicat,
997 3030 1024 3088 si
1056 3027 1176 3104 quidem
1205 3025 1318 3087 Cereris
1349 3029 1379 3086 et
1406 3027 1477 3086 Pro-

163 3128 302 3203 serpinae
325 3127 397 3185 fana
420 3127 456 3186 iis
475 3146 535 3187 non
558 3129 656 3185 minus
675 3126 816 3186 carebant
834 3144 925 3201 quam
948 3117 1104 3207 cetera⁵⁹)‚
1127 3145 1234 3184 nomen
1258 3128 1359 3185 autern
1376 3127 1476 3202 ipsum

153 3219 252 3306 ‘'Ayw
278 3225 473 3302 Proserpinae
502 3225 690 3301 aptissimum
717 3227 775 3297 est,
804 3224 840 3283 cf.
863 3226 879 3282 t
899 3225 962 3282 385
987 3227 1017 3282 et
1039 3223 1139 3300 hymn.
1163 3225 1195 3282 in
1219 3221 1282 3283 Ser.
1306 3242 1334 3283 v.
1349 3225 1413 3283 439
1443 3242 1477 3284 ac

163 3323 368 3384 dedicationes
392 3323 560 3383 Sicilienses
579 3315 700 3402 ’Λγναῖς
725 3321 813 3394 Θεαῖς
835 3322 931 3381 factas
955 3313 991 3404 (I
996 3321 1023 3382 G
1046 3322 1118 3381 XIV
1142 3324 1206 3381 204
1230 3325 1260 3381 et
1285 3313 1373 3402 231).

256 3428 314 3490 Sed
338 3429 390 3506 qui
411 3430 533 3489 fuerunt
555 3428 693 3508 Μεγάλοι
719 3426 808 3489 Occi?
844 3427 984 3489 Dioscuri
1007 3447 1046 3488 an
1065 3428 1166 3488 Gabiri
1181 3461 1223 3470 -
1238 3431 1380 3504 utrosque
1399 3429 1478 3486 enim

161 3530 210 3587 ita
232 3531 355 3587 vocatos
378 3547 440 3588 esse
464 3518 627 3608 constatV)
647 3559 691 3568 -
710 3545 749 3586 an
771 3527 860 3603 plane
884 3526 1035 3586 diversum
1059 3545 1152 3604 genus
1176 3524 1322 3586 deorum?
1359 3525 1478 3602 Sauppe

163 3647 226 3686 non
244 3625 404 3702 dubitavit,
423 3627 497 3701 quin
515 3626 573 3701 hic,
591 3625 642 3684 ubi
661 3625 697 3684 de
711 3625 864 3701 mysteriis
876 3626 1051 3684 recentioris
1066 3626 1174 3684 aetatis
1190 3625 1337 3701 ageretur,
1356 3622 1478 3684 Cabiros

165 3725 339 3804 intellegere
363 3723 544 3799 deberemus,
567 3741 602 3783 ac
625 3743 693 3784 cum
716 3723 891 3800 Methapum
921 3725 1006 3800 orgia
1030 3721 1237 3782 Samothracia
1258 3722 1425 3781 instituisse
1448 3728 1479 3782 et

166 3874 381 3883 --.—-.--—-—

239 3977 283 4043 56)
312 3974 369 4030 Art.
387 3974 498 4030 Genesi.
512 3991 540 4043 p.
556 3979 654 4041 220sq.

240 4067 283 4134 57)
312 4063 379 4118 deas
398 4078 510 4132 quoque
530 4061 688 4117 Eleusinios
706 4062 749 4116 ita
768 4061 925 4133 appellatae
945 4077 1006 4116 esse
1024 4077 1136 4116 moneo:
1162 4060 1246 4131 Soph.
1267 4060 1333 4116 Ood.
1354 4061 1410 4116 Col.
1427 4066 1478 4115 683

166 4143 317 4212 νάρκισσος
334 4142 483 4212 Μεγάλαιυ
504 4145 593 4198 Θεαῑν
611 4144 731 4214 ἀρχαῖον
751 4143 936 4212 στεφάνωμας
957 4141 991 4195 cf.
1006 4141 1087 4196 Paua.
1098 4141 1164 4196 VIII
1178 4147 1221 4210 29,
1232 4147 1255 4195 1.

240 4235 284 4302 58)
312 4232 343 4286 id
365 4232 432 4287 inde
455 4231 583 4302 collegit,
602 4232 679 4303 quod
696 4233 727 4286 in
744 4232 866 4286 nummis
885 4232 959 4285 hanc
978 4231 1060 4286 deam
1080 4232 1320 4300 repraesentatam
1339 4229 1479 4295 videmus;

165 4313 198 4368 id
221 4313 298 4382 quod
320 4313 413 4382 ipsum
436 4310 548 4367 facilius
571 4311 778 4382 intellegimus,
804 4313 827 4366 si
852 4329 961 4366 summa
984 4309 1132 4366 sollemnia
1154 4309 1231 4365 illius
1255 4327 1334 4365 saera
1351 4309 1478 4377 fuerumt,

163 4391 342 4448 alterumue
362 4391 451 4446 altero
471 4393 595 4462 separari
614 4393 721 4461 nequii.

241 4483 285 4552 59)
313 4481 348 4536 of.
368 4497 391 4536 e.
407 4499 434 4552 g.
454 4497 626 4551 quamquam
643 4481 690 4536 vix
708 4481 843 4552 exemplis
862 4497 933 4550 opus
953 4484 1005 4548 est,
1022 4480 1103 4534 Paua.
1119 4479 1183 4534 VIII
1197 4484 1266 4546 29,1
1289 4479 1387 4543 Βάθος
1405 4479 1479 4534 ἐστὶν

165 4558 385 4631 ὀνομαζόμενον,
404 4561 477 4618 ἔνθα
497 4561 597 4632 άγουσι
615 4561 726 4631 τελετὴν
745 4561 794 4616 διά
813 4561 893 4623 ἔτους
909 4558 1005 4629 τρίτου
1023 4563 1108 4622 Θεαῖε
1121 4559 1279 4630 Μεγάλαις·
1299 4561 1347 4614 καὶ
1361 4558 1437 4629 πηγή
1450 4579 1480 4614 τε

163 4637 273 4698 αὐτόθι
291 4641 365 4698 ἐστὶν
381 4638 533 4712 Ὀλυμπίας
551 4639 712 4712 (Ολυμπιάς
729 4641 824 4712 vulgo)
846 4639 1003 4712 καλουμένη
1022 4643 1077 4694 ari..
1098 4645 1126 4696 et
1145 4641 1211 4696 ibid.
1226 4646 1270 4708 42,
1283 4647 1315 4694 12
1340 4639 1376 4694 de
1399 4643 1480 4694 antro

165 4721 316 4792 Δήμητρος
333 4718 479 4792 Μελαίνης
497 4721 640 4792 Phigaleo.

241 4814 285 4881 60)
313 4812 348 4866 de
372 4810 481 4866 Gabinis
508 4811 677 4867 testimoniis
700 4829 771 4881 opus
799 4829 855 4866 non
883 4815 939 4878 est,
967 4811 1003 4865 de
1029 4810 1171 4865 Dioscuris
1200 4810 1233 4864 cf.
1258 4808 1340 4863 Paua.
1365 4808 1479 4876 1c1,1,

165 4891 234 4946 VIII
248 4897 319 4958 21,4
337 4894 367 4946 et
385 4891 498 4947 Lobeck
516 4893 651 4963 Aglaoph.
671 4909 698 4960 p.
716 4897 793 4946 1230.

221 4991 296 5042 Leges
310 4991 389 5033 Gneo.
400 4989 485 5032 Sacrae
499 4992 533 5033 ed.
544 4991 661 5032 ZIehcn.
1234 4985 1266 5031 12
