3426 5462
279 307 323 372 48
797 305 912 361 LEGES
930 305 1070 362 secale

279 476 459 536 sumendum
490 477 582 536 fuisse
615 474 654 534 ad
686 475 852 552 exemplum
885 475 1006 534 chartae
1037 475 1070 534 in
1101 475 1212 536 tabulis
1239 476 1368 552 publicis
1398 480 1595 538 conservatae

279 574 370 651 paulo
403 574 492 634 aliter
523 575 699 650 conceptum
731 571 900 648 litterisque
927 572 1036 632 Ionicis
1064 593 1099 632 ex
1131 573 1282 634 cotidiano
1311 578 1377 634 tum
1405 575 1466 635 fere
1489 568 1595 655 usu¹⁸)

279 673 437 748 scriptum,
465 691 500 732 so
523 689 590 730 curn
612 673 696 747 prior
713 669 845 746 lapicida
868 671 960 730 aliani
982 671 1098 730 interea
1121 689 1242 747 operam
1265 673 1455 749 suscepisset,
1480 693 1594 732 novum

279 770 503 846 inscriptionem
536 769 702 847 perfecisse.
749 767 830 838 Quae
860 771 895 828 ut
921 770 1075 846 aptissime
1102 769 1140 830 ad
1172 769 1410 846 persuadendum
1437 770 1595 847 disputata

279 872 363 944 sunt,
385 869 430 927 ita
452 869 519 944 ipsa
542 868 701 926 recentiori
729 868 824 927 aetati
850 866 964 927 decreti
991 868 1090 927 favere
1119 867 1194 926 mihi
1221 867 1370 928 videntur.
1416 867 1483 928 Keil
1511 872 1595 929 enim

279 967 387 1027 merito
410 969 442 1025 in
465 986 500 1026 eo
524 967 640 1042 nititur,
660 965 740 1041 quod
763 967 841 1025 cives
864 966 976 1042 privati
999 967 1060 1024 iam
1079 965 1197 1042 aliquot
1216 965 1365 1026 decenniis
1388 971 1457 1027 ante
1479 987 1505 1027 a.
1526 969 1593 1027 403

280 1065 390 1124 litteris
413 1065 523 1125 Ionicis
552 1065 598 1124 uti
624 1065 852 1138 consueverant,
880 1065 911 1122 et
938 1063 970 1122 in
996 1063 1094 1122 titulis
1123 1063 1242 1140 quidem
1270 1064 1484 1140 sepulcralibua
1513 1065 1595 1125 bano

280 1163 522 1224 consuetudinem
545 1165 605 1222 iam
626 1162 696 1223 inde
720 1181 738 1222 a
759 1161 839 1221 bello
862 1161 1114 1238 Peloponnesiaco
1133 1162 1223 1241 vulgo
1242 1163 1372 1222 valuisse
1394 1165 1520 1239 constat,
1539 1164 1593 1223 sed

279 1265 440 1338 antequam
459 1265 600 1337 oratores,
620 1280 687 1320 oum
700 1262 871 1340 rogationes
886 1278 954 1319 suas
969 1259 1089 1320 abanim
1103 1259 1221 1335 publice
1235 1261 1454 1321 conservandas
1467 1261 1595 1322 manda·

279 1359 365 1435 bant,
397 1360 475 1419 bunc
507 1378 621 1420 morem
653 1359 737 1436 sequi
769 1377 828 1418 non
856 1357 1081 1427 dubitaverunt,
1114 1357 1303 1434 aliquantum
1330 1361 1474 1435 temporis
1500 1361 1594 1418 inter·
1706 1375 1708 1384 ’

279 1459 401 1518 cessisse
423 1459 601 1534 putaverim.
646 1458 747 1534 Atque
775 1459 867 1516 etiam
899 1456 1090 1532 aspirationis
1117 1459 1190 1515 nota
1216 1457 1249 1514 in
1276 1459 1396 1516 nomine
1416 1448 1596 1536 Ἀγνόδεμος

279 1557 389 1616 omissa
414 1589 455 1598 —
479 1555 591 1634 legitur
623 1558 724 1614 autem
747 1573 855 1615 nomen
887 1556 919 1612 in
947 1573 983 1616 ea
1014 1557 1110 1630 parte,
1138 1573 1227 1630 quam
1255 1553 1324 1614 Keil
1356 1555 1419 1631 ipse
1447 1575 1463 1614 e
1491 1555 1595 1632 lapide

279 1657 404 1732 antiquo
436 1653 618 1731 descriptam
649 1652 763 1713 iudicat
786 1685 828 1694 ·-
857 1654 954 1730 magis
987 1655 1185 1712 consentanea
1217 1655 1263 1714 est
1294 1655 1380 1713 annis
1413 1655 1593 1714 420-414

279 1771 368 1829 quam
394 1771 419 1812 a.
439 1753 514 1812 434.
560 1750 642 1821 Quae
671 1753 772 1812 omnia
800 1751 890 1810 affero
917 1769 977 1810 non
1000 1770 1060 1827 quo
1088 1751 1179 1809 alicui
1206 1769 1241 1810 ex
1268 1751 1315 1810 his
1343 1752 1429 1811 annis
1452 1770 1516 1812 esse
1538 1752 1595 1810 tri·

278 1851 427 1910 buendam
446 1849 561 1910 Galliae
583 1852 770 1928 rogationem
792 1850 854 1909 iam
878 1865 1052 1925 persuasum
1074 1848 1210 1922 habeam,
1233 1850 1283 1909 sed
1307 1853 1342 1909 ut
1359 1869 1397 1909 ne
1414 1849 1508 1909 Keilii
1526 1850 1594 1926 qui·

279 1949 346 2008 dem
370 1953 462 2008 acuta
484 1947 689 2025 disputatione
713 1947 881 2008 absolutam
904 1965 967 2007 esse
990 1948 1193 2022 quaestionem
1217 1951 1370 2025 appareat

368 2048 403 2106 A.
423 2066 451 2106 r.
474 2049 559 2106 1-4
582 2047 618 2106 de
641 2036 773 2121 aliem
795 2046 949 2106 sacerdote.
974 2044 1064 2105 verbe
1085 2045 1185 2105 deleta
1207 2048 1261 2105 aut
1283 2045 1409 2105 alteram
1432 2048 1482 2106 cni
1504 2047 1592 2108 salis·

279 2147 377 2205 facere
400 2145 521 2205 deberet
542 2145 745 2205 condicionem
773 2146 829 2205 aut
855 2145 1001 2221 quantum
1022 2143 1171 2219 ,temporis
1199 2161 1319 2203 munere
1346 2144 1488 2204 limatura
1514 2149 1593 2206 esset

281 2243 464 2304 indicabant.
510 2243 575 2303 Hoc
597 2243 669 2320 quia
692 2245 743 2302 vix
766 2243 928 2302 desiderari
949 2243 1082 2319 poterat,
1105 2241 1169 2300 veri
1191 2242 1319 2301 similius
1346 2242 1422 2303 duco
1446 2261 1481 2304 ac
1502 2243 1593 2303 facile

281 2343 438 2420 suppletur
464 2338 497 2402 bt
520 2336 573 2422 d[v
601 2338 652 2401 διὰ
678 2340 727 2420 dio
753 2336 910 2420 Ιιιερᾶτα]ι;
942 2358 1124 2417 quamquam
1151 2340 1278 2400 concedo
1304 2341 1350 2400 ita
1377 2342 1425 2415 iis,
1452 2361 1530 2418 qnae
1554 2342 1592 2402 de

278 2441 412 2500 mercede
435 2439 597 2502 sacerdotis
618 2439 853 2517 praecipiuntur,
876 2437 991 2515 aliquid
1014 2438 1183 2498 offensionis
1202 2440 1324 2499 moveri
1364 2437 1593 2518 Quinquaginta

280 2539 360 2598 enim
382 2539 592 2598 drachmarum
613 2538 778 2598 mercedem
802 2556 931 2598 annuam
954 2537 1044 2596 fuisoe
1068 2554 1136 2596 cum
1158 2555 1212 2612 por
1233 2556 1264 2597 se
1287 2541 1433 2614 appareat
1454 2539 1521 2597 turn
1541 2537 1592 2597 de-

279 2639 359 2696 creto
383 2637 488 2713 altero,
513 2655 571 2712 quo
594 2655 630 2696 ea
653 2639 733 2696 certo
757 2635 888 2712 quodam
909 2653 1009 2694 mense
1032 2635 1109 2696 solvi
1131 2635 1264 2710 iubetur,
1287 2635 1488 2696 confirmatur.
1526 2637 1592 2695 lam

280 2735 337 2794 etsi
360 2735 508 2796 sacerdoti
531 2735 569 2794 ad
592 2737 673 2794 vitae
701 2737 819 2811 tempus
847 2735 958 2793 electae
986 2734 1147 2809 quotannis
1174 2733 1337 2792 mercedem
1366 2734 1443 2794 solvi
1469 2751 1591 2795 consen·

279 2836 401 2893 tansum
424 2837 476 2909 eet,
500 2836 602 2893 tamen
625 2833 656 2892 id
676 2835 772 2910 ipsius
790 2833 866 2910 legis
885 2831 983 2891 verbis
1002 2833 1143 2892 constitui
1162 2835 1350 2907 expectamus
1371 2837 1591 2910 praeceptoque

278 2929 461 3010 πεντήκοντα
488 2929 619 3012 δραχμὰς
648 2928 749 3012 φέρειν
783 2929 853 2990 addi
879 2922 939 2990 κατ’
969 2927 1032 3001 ἔτος
1058 2929 1107 2988 vel
1139 2928 1236 2989 simile
1268 2929 1395 3006 aliquid3
1428 2934 1533 2990 conus
1564 2929 1592 2990 si

279 3049 370 3106 snpra
397 3048 531 3090 annuum
557 3031 687 3089 muneris
715 3033 833 3105 teinpus
865 3030 1061 3088 constitutum
1087 3031 1164 3102 erat,
1196 3027 1271 3087 nibil
1295 3027 1378 3088 dubii
1407 3027 1468 3088 illis
1491 3029 1591 3088 verbis

279 3129 384 3188 inerat.
424 3129 530 3188 Altera
553 3148 587 3186 ex
610 3131 711 3205 parte,
734 3127 861 3187 sirecte
885 3128 990 3201 sentio,
1013 3126 1101 3185 huius
1124 3125 1206 3186 modi
1229 3127 1468 3204 supplementum
1491 3128 1592 3188 minus

279 3226 368 3286 facile
391 3227 526 3303 reliqniis
550 3227 661 3302 lapidis
685 3225 934 3286 accommodatur.
984 3223 1121 3284 Ceterum
1145 3224 1295 3285 decretum
1319 3224 1449 3301 quadam
1472 3224 1592 3285 dicendi

279 3323 462 3384 obscuritate
485 3342 606 3401 prorsus
628 3324 755 3384 liberum
787 3341 846 3383 non
880 3325 972 3383 brisso
1003 3325 1195 3400 praeceptum
1227 3322 1263 3382 de
1291 3323 1397 3382 ceteris
1427 3323 1591 3384 sacerdotis

280 3423 487 3483 emolumentis
511 3443 538 3482 v.
559 3427 631 3499 9sq.
651 3425 793 3497 testatnr3
815 3440 911 3499 neque
935 3422 1015 3480 enirn
1032 3421 1145 3480 iniuria
1167 3421 1307 3480 hocloco
1326 3421 1493 3496 dbciimen,
1511 3421 1591 3498 quod

279 3523 357 3582 inter
379 3520 500 3598 publica
522 3525 553 3581 st
574 3521 696 3598 privata
719 3519 864 3580 sacrificia
886 3523 960 3594 erat,
983 3518 1158 3579 clarioribus
1181 3519 1278 3579 verbis
1302 3537 1471 3596 expressum
1490 3519 1590 3580 velles.

279 3619 388 3696 Itaque
416 3620 508 3679 etiarn
535 3621 595 3680 viri
622 3618 703 3679 docti
733 3620 847 3678 disemo
870 3617 960 3677 verba
988 3618 1178 3693 interpretati
1206 3619 1288 3676 sunt:
1315 3616 1486 3678 Knvvndias
1514 3618 1591 3678 illud

280 3725 339 3776 τῶν
362 3717 514 3795 δημοσίων
522 3710 560 3798 ²⁴)
584 3737 643 3777 non
666 3718 725 3776 nisi
749 3717 787 3776 ad
810 3713 845 3775 τὰ
869 3712 997 3794 δέρματα
1019 3715 1206 3774 referendum
1229 3733 1291 3775 esse
1321 3718 1445 3793 proptor
1466 3716 1592 3775 verbum

280 3811 382 3894 φέρειν
404 3815 572 3891 posthanc
595 3834 696 3876 vocem
720 3817 881 3891 repetitum
905 3815 1051 3873 conclusit
1073 3815 1230 3890 totumque
1256 3817 1448 3892 praeceptum
1477 3814 1523 3874 ita
1544 3817 1590 3873 in-

280 3913 405 3987 tellexit,
428 3917 465 3971 ut
487 3913 622 3973 sacerdos
641 3910 677 3972 τὰ
695 3910 782 3990 σκέλη
806 3932 822 3973 e
844 3911 997 3972 sacrificiis
1021 3913 1052 3971 et
1074 3913 1200 3988 privatis
1219 3914 1250 3970 st
1266 3912 1404 3988 publicis,
1427 3931 1442 3972 e
1461 3912 1591 3990 publicis

281 4013 381 4069 autem
405 4011 525 4087 insuper
546 4008 727 4091 vilippam
745 4011 901 4087 acciperat,
925 4010 1004 4086 quod
1024 4009 1181 4070 discmmen
1200 4029 1270 4070 sane
1288 4010 1361 4070 satis
1380 4008 1526 4070 usitatum
1546 4015 1591 4070 est

282 4099 332 4190 (of.
348 4099 526 4186 n.155)‚ac
544 4128 581 4166 ne
595 4107 850 4184 breviloquentiae
870 4107 991 4184 quidem
1010 4109 1116 4169 similis
1136 4107 1301 4185 exemplum
1316 4109 1407 4182 deest,
1426 4109 1524 4168 citit.
1540 4107 1590 4168 Or.

281 4225 309 4266 n.
321 4205 361 4264 65
379 4225 405 4262 v.
416 4207 507 4281 34sq.
523 4225 590 4264 oum
604 4206 672 4264 adn.
700 4205 833 4266 Dubium
850 4211 953 4266 tamen
966 4207 1041 4266 mihi
1060 4225 1119 4266 non
1133 4205 1260 4282 videtin,
1278 4207 1350 4283 quin
1363 4213 1423 4266 τῶν
1437 4205 1591 4286 δημοσίων

354 4413 398 4480 ie)
421 4411 456 4464 er.
476 4410 511 4465 se
534 4411 588 4464 nse
612 4411 1591 4484 mKoohlerMalxpsrssq.etv.wi1amowitz-Moellendorff,
1703 4379 1704 4398 ‘

283 4491 394 4546 Homer.
418 4491 575 4546 Untersact.
595 4509 621 4560 p.
637 4491 718 4546 bots.
1700 4515 1704 4535 ⁴

356 4581 400 4646 14)
417 4579 453 4633 rb
472 4577 592 4649 δημόσια
612 4597 650 4636 so.
670 4579 757 4650 legale
775 4599 832 4636 non
850 4583 904 4638 hoo
921 4601 978 4639 nno
996 4583 1058 4638 loco
1073 4582 1205 4638 viatim
1222 4580 1336 4652 publice
1355 4584 1497 4637 mactatae
1516 4585 1591 4649 sunt,

283 4657 319 4712 cl'.
338 4661 450 4727 praeter
472 4677 498 4712 n.
514 4665 548 4714 65
572 4661 723 4732 praecipue
741 4681 768 4717 n.
785 4668 827 4718 10.
864 4663 945 4730 Quod
967 4681 1032 4719 vero
1050 4663 1117 4718 Wil.
1136 4666 1166 4717 et
1188 4661 1298 4730 Hauss,
1317 4665 1350 4717 ut
1373 4663 1590 4734 ambiguitatem

283 4735 339 4790 loci
357 4737 497 4806 tollerent,
514 4737 645 4811 legerunt
662 4742 712 4798 τὸν
730 4741 879 4813 δημόσιον,
902 4761 935 4800 eo
955 4759 1022 4799 sane
1040 4742 1151 4799 tollitur
1172 4742 1319 4798 verborum
1337 4743 1523 4814 ambiguitas,
1545 4759 1591 4798 res
1702 4765 1703 4770 ¹

283 4819 379 4872 tamen
398 4817 520 4874 efficitur
536 4820 668 4876 inaudita
685 4823 799 4893 verique
818 4823 1021 4892 dissimillima,
1044 4842 1128 4894 quam
1151 4839 1188 4878 ne
1206 4821 1276 4894 ipsis
1294 4824 1410 4894 quidem
1427 4823 1591 4878 auctoribus
1702 4821 1703 4858 ³

283 4896 340 4950 iam
359 4898 470 4966 placere
488 4901 597 4956 confido
615 4904 781 4972 praesertim
800 4909 865 4974 post
884 4904 968 4960 Keilii
988 4906 1131 4976 copiosam
1150 4904 1346 4958 rebitationem
1365 4923 1392 4974 p.
1409 4907 1459 4958 302
1470 4922 1531 4975 sqq.
