3426 5462
663 297 819 353 ATTIOAE
837 305 897 353 nb
1400 303 1441 367 16

216 465 334 526 Lateris
362 467 388 526 B
416 469 563 542 quantum
591 467 741 544 integrum
765 468 811 526 est
836 469 933 527 totum
966 469 1027 546 legi
1055 471 1162 544 potest.
1208 469 1315 528 Primis
1343 471 1441 530 verbis

121 565 220 622 etiam
248 564 284 624 de
313 564 429 624 damnis
453 564 614 624 sarciendis
639 565 749 644 agitur,
778 583 838 642 qua
865 586 897 624 re
925 565 1117 625 confirmetur
1145 567 1227 626 latus
1250 570 1276 626 A
1305 569 1376 628 item
1404 569 1440 628 de

122 661 233 737 poenis
255 664 399 738 scriptum
424 662 661 741 coniungendam
685 681 748 723 esse
771 681 839 722 cum
861 664 948 722 initio
973 663 1075 724 lateris
1098 665 1123 724 B
1147 665 1165 722 i.
1185 684 1209 722 e.
1233 666 1335 727 ordine
1358 671 1440 726 ante-

123 759 306 836 ponendum.

215 887 243 927 v.
259 868 349 943 bsqq.
369 867 539 927 decernitur
562 868 669 944 quibus
691 867 861 928 hominibus
883 868 1019 928 indutiae
1038 887 1139 929 sacrae
1158 870 1277 946 dentur3
1301 873 1361 930 iam
1379 874 1439 948 pri·

123 964 194 1024 dem
213 967 355 1025 restituta
374 968 445 1024 sunt
462 965 583 1026 nomina
602 965 723 1044 μύσται,
747 963 885 1043 ἐπόπται,
908 959 1115 1048 ἀκύλουθοιῡ),
1134 987 1212 1026 nunc
1230 972 1330 1028 autern
1349 971 1440 1029 etiem

123 1065 302 1139 sequentem
325 1063 463 1123 lacunam
486 1063 655 1140 expeditam
683 1083 747 1124 esse
770 1063 893 1124 confido.
939 1063 1031 1124 Hicks
1055 1065 1179 1124 Rosium
1205 1070 1235 1125 et
1257 1065 1439 1128 Boechhium

122 1164 245 1221 secutus
268 1162 460 1238 suppleverat
482 1158 533 1224 καὶ
556 1155 736 1240 [dosithaeus
759 1153 847 1244 τῶ(ν)
873 1156 1102 1242 [Ἀθη]ν[α]λοιν
1121 1153 1345 1227 ΔΟΙνΟΙΞΙΝ
1369 1167 1439 1227 scri·

122 1251 236 1341 bened)
281 1257 340 1318 Sed
370 1259 577 1336 supplemento
602 1252 774 1338 Ἀθηναίων
803 1261 898 1319 omnis
925 1261 1008 1320 tituli
1031 1261 1110 1321 ratio
1137 1263 1264 1338 pessime
1291 1264 1438 1325 turbatur.

121 1357 173 1415 An
198 1357 270 1416 solis
288 1357 517 1416 Atheniensium
539 1358 646 1434 mystis
669 1360 822 1434 servisque
845 1357 979 1418 indutiae
1003 1358 1224 1420 decernuntur?
1247 1361 1439 1438 contrarium,

122 1457 241 1531 opinor,
260 1454 439 1530 decernitur,
456 1458 491 1514 ut
510 1455 648 1516 omnibus
666 1455 801 1516 indutiae
821 1456 882 1516 sint
896 1454 1027 1532 Graecis,
1049 1460 1228 1535 quicumque
1246 1477 1330 1519 sacro
1348 1460 1438 1520 Eleu·

122 1555 203 1612 sinio
226 1553 273 1611 uti
295 1553 399 1612 velint.
444 1553 507 1613 Hos
534 1555 615 1632 ipsos
643 1554 737 1630 igitur
760 1557 873 1614 ceteros
897 1552 1024 1616 Graecos
1048 1555 1108 1615 dici
1136 1559 1189 1615 ent
1210 1577 1313 1616 vocem
1337 1577 1437 1619 omnes

122 1654 154 1710 et
178 1650 375 1711 Athenienses
400 1653 430 1710 et
452 1653 565 1712 ceteros
585 1649 713 1712 Graecos
736 1652 982 1729 complectentem
1010 1654 1151 1731 usurpari
1178 1659 1291 1714 certum
1315 1659 1374 1731 est,
1403 1660 1438 1715 ut

121 1751 149 1808 si
179 1765 300 1807 sensum
331 1750 487 1826 respicies,
518 1750 642 1826 propius
675 1750 713 1810 ed
742 1771 847 1810 versum
880 1753 1037 1812 accesserit
1071 1750 1199 1829 Seuppii
1230 1761 1289 1813 τῶν
1316 1753 1437 1830 τούτων,

121 1847 297 1923 ceteroquin
312 1865 384 1906 sane
397 1865 457 1907 non
475 1847 638 1907 ferendum.
667 1848 775 1908 Melius
793 1867 847 1925 per
865 1867 896 1910 se
916 1847 1080 1925 δούλοισιν;
1098 1854 1238 1910 naturam
1258 1854 1337 1912 enim
1355 1854 1437 1913 vocis

121 1945 199 2004 olim
221 1945 277 2005 hoo
300 1945 366 2005 loco
390 1945 518 2021 scriptae
543 1964 611 2005 cum
632 1948 816 2023 reputamus,
840 1967 874 2006 eo
897 1947 1025 2007 maxime
1048 1949 1187 2007 iuvamur
1211 1951 1290 2026 quod
1313 1953 1341 2009 ei
1364 1953 1436 2010 arti·

120 2043 209 2103 culus
237 2045 365 2103 anteisse
395 2062 455 2102 non
486 2044 601 2120 potest,
633 2062 700 2103 oum
728 2047 827 2104 cetera
853 2044 908 2104 illa
938 2047 1059 2106 nomina
1091 2046 1250 2107 coniuncta
1282 2049 1343 2108 sint
1370 2069 1436 2109 cum

121 2141 260 2200 articulo.
302 2140 376 2200 Inde
399 2159 467 2200 cum
491 2145 636 2218 appareat
653 2161 755 2202 vocem
779 2147 840 2214 τοῖς
862 2139 1076 2204 ἀκολούθοισιν
1095 2146 1125 2203 et
1144 2163 1218 2220 eam,
1237 2165 1313 2223 quae
1332 2145 1437 2207 deinde

11 2285 12 2288 η
121 2238 325 2313 desideratur,
357 2240 451 2298 artius
483 2258 571 2300 sensu
599 2240 768 2316 cohaerere,
801 2261 861 2300 non
888 2260 980 2317 prave
1010 2241 1160 2301 δούλοισιν
1190 2243 1268 2303 adici
1300 2245 1436 2305 concedo.

122 2335 184 2396 Sed
206 2335 297 2396 verba
324 2333 538 2397 ἀκολούθοισιν
563 2339 594 2398 et
620 2337 772 2398 δούλοισιν
804 2338 883 2397 idem
912 2339 973 2398 fere
997 2339 1164 2418 significare
1192 2361 1278 2400 nemo
1305 2343 1436 2421 negabit

120 2433 220 2510 Atqui
248 2438 301 2510 est,
329 2434 376 2494 cui
404 2439 524 2511 praeter
550 2435 684 2496 homines
712 2439 782 2496 ante
811 2435 906 2496 dictos
930 2436 1061 2496 indutias
1083 2436 1203 2497 decerni
1227 2443 1437 2517 exspectemus,

120 2551 186 2591 rem
218 2531 285 2592 dico
313 2533 501 2608 familiarem,
529 2553 588 2609 qua
615 2533 750 2594 homines
778 2535 817 2593 ad
841 2534 994 2594 Eleusinia
1016 2536 1143 2611 proiecti
1165 2537 1335 2597 utebantur.
1387 2539 1436 2599 Ita

120 2630 204 2690 Delii
231 2629 406 2691 decernunt:
439 2627 550 2692 ἀτέλεια
578 2627 610 2691 dl
637 2630 710 2692 ἔσται
737 2636 800 2704 τοῖς
827 2626 983 2712 ἔργώναις]
1012 2629 1062 2692 καλ
1085 2629 1192 2694 ἀσυλία
1219 2632 1252 2695 ἐν
1272 2635 1362 2719 Δήλῳ
1385 2635 1435 2697 καλ

121 2727 225 2800 αὐτοῖς
247 2726 298 2788 καὶ
320 2726 454 2809 ἐργάταις
477 2725 527 2790 καὶ
550 2728 664 2790 σκεύεσι
687 2726 737 2790 καλ
760 2728 814 2790 ὅσα
841 2725 881 2790 ἀν
903 2728 1045 2810 ἒξάγτοσιν
1068 2727 1089 2810 ἢ
1111 2730 1268 2812 εἰσάγωσιν
1290 2726 1339 2811 ἐφ’
1365 2731 1433 2795 tuv-

120 2835 182 2886 τῶν
204 2825 285 2909 χρείᾳ
308 2817 448 2908 (Hennes
470 2825 557 2886 XVII
580 2849 608 2905 p.
634 2821 683 2910 5),
711 2831 801 2904 atque
829 2828 861 2887 in
884 2828 1129 2905 Amphiotionum
1156 2830 1274 2892 decreto
1305 2833 1341 2892 de
1364 2833 1435 2894 Pto-

120 2925 220 2984 icrum
242 2923 368 2984 indutiis
396 2926 477 2984 iacto
504 2925 581 2984 illud
609 2926 708 3003 ipsum
735 2923 916 2998 ἀκολούθοις
943 2927 1073 2987 occurrit
1105 2927 1354 3008 subiungitnrque
1386 2930 1436 2992 καλ

119 3019 140 3081 ἀ
164 3017 203 3082 ἀν
231 3020 336 3101 ἔχωσιν
364 3014 406 3103 (n.
435 3024 475 3083 70
499 3013 562 3105 in).
608 3024 717 3102 Itaque
749 3024 786 3083 de
814 3024 1032 3102 significatione
1054 3025 1213 3103 utriusque
1236 3030 1435 3105 supplementi

120 3139 190 3180 cnm
224 3139 283 3180 non
316 3119 496 3196 dubitarem,
527 3120 564 3181 de
592 3123 666 3199 ipsis
695 3122 847 3183 vocabulis
880 3123 1073 3184 restituendis
1105 3125 1272 3205 ambigenti
1298 3128 1437 3188 subvenit

120 3217 197 3277 mihi
229 3217 343 3278 Usener
374 3221 405 3278 et
441 3221 559 3298 egregie
591 3238 653 3280 rem
686 3221 837 3298 expedivit
869 3221 1035 3298 supplendo
1066 3219 1116 3281 καλ
1148 3217 1344 3307 χρήμα]σιν7)
1376 3234 1435 3286 τῶν

121 3309 322 3396 [diphyem.
359 3316 422 3376 Neo
443 3318 597 3378 insolitam
617 3335 720 3378 vocem
737 3317 883 3398 χρήμασιν
901 3320 933 3378 in
956 3319 1012 3378 hoc
1035 3338 1147 3380 conexu
1171 3339 1233 3382 esse
1251 3323 1372 3383 interim
1389 3325 1436 3384 his

120 3415 224 3473 inveni
247 3414 403 3490 exemplis:
426 3413 548 3474 scm
564 3417 649 3475 2517
670 3415 896 3493 Amphictiones
915 3417 1028 3495 Argivo
1046 3418 1166 3478 cuidam
1183 3419 1346 3480 decernunt
1363 3443 1436 3502 προ-

120 3510 221 3570 δικίαν
243 3507 294 3570 καλ
316 3507 481 3587 ἀσφάλειαν
504 3545 549 3554 -
566 3545 610 3554 -
629 3546 673 3554 -
692 3547 735 3554 -
753 3511 803 3574 καλ
828 3512 921 3574 αύτῶι
943 3512 993 3575 καλ
1011 3512 1144 3595 ἐκγόνοις
1162 3513 1212 3578 καλ
1230 3517 1357 3599 χρήμασι
1374 3525 1437 3593 τοῖς

120 3606 222 3668 αὐτοῦ.
264 3609 516 3670 necas-Fami
538 3610 631 3671 3400
653 3612 803 3690 Tegeatae
830 3611 944 3672 homini
968 3613 1086 3673 cuidam
1108 3615 1246 3675 tribuunt
1273 3614 1437 3695 ἀσφάλειαν

184 3833 250 3966 orig⁴⁵
257 3849 322 3886 cnm
339 3831 424 3887 huius
442 3832 518 3887 vocis
537 3850 590 3888 usu
609 3832 667 3888 iam
681 3833 794 3890 Eoeekb
810 3836 930 3891 contulit
948 3835 1035 3892 Thuc.
1050 3837 1089 3892 IV
1100 3845 1166 3905 1113
1185 3857 1260 3895 nunc
1278 3841 1333 3895 vid.
1348 3841 1435 3896 etiam

122 3917 182 3968 ma
267 3929 295 3966 m
312 3916 346 3967 ’λθ
364 3911 402 3966 in.

211 4003 238 4071 c)
262 3999 423 4056 ΔΟλΟΙςΙΝ
443 4001 528 4056 scribi
551 4018 608 4056 non
626 4001 725 4071 licere,
744 4005 928 4061 ΔΟΥλΟΙςΙΝ
948 4009 1044 4062 antem
1069 4009 1154 4078 spatii
1179 4009 1337 4066 rationibus
1360 4011 1435 4066 rein-

120 4080 177 4134 tari
195 4079 264 4135 olim
278 4079 393 4136 Kirohh.
408 4085 563 4148 censuerat,
583 4084 632 4137 sed
651 4099 742 4154 neque
761 4084 915 4141 insolenter
928 4085 1054 4141 litteram
1069 4092 1181 4158 praeter
1199 4090 1327 4145 ordinem
1340 4091 1435 4164 legiti-

121 4177 198 4214 mnm
217 4160 286 4214 addi
304 4161 388 4216 modo
407 4161 528 4215 vidimus
548 4166 577 4216 et
595 4163 748 4233 genuinam
767 4181 879 4236 quoque
899 4166 1107 4238 diphthongum
1126 4170 1249 4240 simplici
1268 4171 1295 4224 0
1315 4172 1434 4241 exprimi

121 4240 172 4295 ills
190 4242 286 4296 aetate
304 4239 415 4310 lapides
434 4242 503 4296 satis
523 4242 686 4311 docuerunt,
706 4245 760 4299 vid.
776 4244 962 4301 Meisterhans
979 4247 1100 4303 θνατονο.
1116 4251 1142 4304 d.
1157 4255 1206 4304 oti.
1218 4251 1338 4306 Ικοαλιν.8
1352 4269 1380 4322 p.
1391 4257 1433 4308 62.

212 4333 239 4400 t)
266 4327 461 4384 Haussonllier
484 4330 560 4399 qnod
583 4331 636 4387 hoc
659 4333 887 4405 supplementum
911 4337 1076 4408 apographo
1100 4337 1250 4395 Chandleri
1276 4340 1337 4410 ‘qai
1359 4343 1435 4397 tescit

120 4411 205 4465 omer*
227 4408 445 4464 condemnatum
464 4412 547 4480 putet
565 4413 642 4481 (Rev.
660 4415 720 4468 crit.
740 4415 757 4468 λ.
772 4417 814 4485 c),
833 4415 1011 4472 vehementer
1034 4434 1067 4472 ao
1090 4419 1161 4473 mire
1179 4422 1261 4474 errat.
1299 4419 1340 4474 Re
1359 4423 1434 4476 enim

120 4505 186 4544 vera
203 4487 346 4544 Chandler
364 4491 443 4544 ΑΣΙΝ
467 4489 538 4562 legit
562 4494 607 4560 ut,
631 4510 695 4548 cnm
718 4495 742 4548 is
765 4495 872 4564 primus
892 4513 925 4551 ae
944 4496 1033 4552 multo
1052 4501 1119 4553 ante
1137 4498 1285 4554 Hicksium
1308 4500 1434 4570 lapidem

120 4569 231 4637 viderit,
251 4569 479 4640 supplementum
495 4571 541 4626 vel
560 4572 644 4628 huius
663 4574 751 4643 ipsine
771 4576 941 4630 anctoritate
960 4577 1074 4632 defendi
1087 4579 1186 4648 possit.
1218 4578 1371 4635 Confundit
1384 4581 1434 4636 ille

120 4648 311 4704 Chandleram
330 4667 394 4704 oum
407 4650 506 4706 Rosio:
526 4653 550 4706 is
569 4653 644 4707 enim
663 4655 779 4709 sanein
798 4656 963 4728 apographo
978 4658 1074 4712 ΟΙΣΙΝ
1090 4659 1178 4728 dedit,
1198 4661 1247 4715 sed
1262 4661 1434 4730 quantillum

119 4729 186 4784 hnic
213 4729 330 4784 lectioni
353 4730 442 4785 tribui
461 4735 603 4801 oporteat,
626 4733 784 4790 luculenter
802 4735 869 4790 inde
890 4740 1023 4807 apparet,
1049 4739 1125 4808 qnod
1143 4741 1272 4812 neglecto
1292 4759 1342 4796 sno
1366 4757 1433 4812 apo·

119 4809 229 4882 grapho
248 4809 390 4881 supplevit
407 4809 562 4884 ταμλ]ασιν,
582 4812 732 4868 Obandleri
751 4815 840 4886 igitur
856 4817 1051 4873 testimonium
1070 4820 1131 4890 ipse
1146 4823 1257 4876 secutus
1273 4825 1323 4876 est.
1353 4820 1433 4876 Unde

119 4907 210 4962 paene
230 4890 377 4961 collegeris
395 4891 468 4946 illud
487 4892 581 4947 ΟΙΣΙΝ
601 4909 693 4949 errore
711 4896 742 4948 in
760 4914 785 4950 v.
803 4902 836 4951 10
855 4912 870 4951 e
889 4903 945 4952 aa
964 4897 1000 4952 ab
1019 4915 1052 4952 eo
1070 4899 1222 4968 repetitum
1241 4915 1308 4954 esse.
