3426 5462
281 309 301 372 8
795 305 910 360 LEGES
929 304 1069 360 SAORAE

281 480 343 537 sive
362 479 431 536 hinc
450 478 512 536 sive
531 495 550 536 a
567 495 638 536 voce
658 474 824 553 ίεροποιούς
847 475 1018 553 genetivum
1039 467 1227 534 Ἐλευσινίων
1247 475 1374 551 pendere
1392 477 1535 552 putemus
1543 468 1592 556 ¹²),

281 579 330 634 ea'
345 594 438 650 secra,
466 593 543 650 quae
572 577 641 633 snte
665 573 861 632 certaminum
889 572 1119 633 celebrationem
1145 571 1233 648 fient,
1260 572 1326 650 lege
1355 575 1496 634 constitui
1528 574 1592 634 veri

282 673 433 750 persimile
457 677 515 748 est3
538 668 689 751 προτέλεια
712 675 777 730 tum
799 670 879 730 idem
901 671 963 730 iere
986 670 1076 745 velet,
1099 669 1178 746 qnod
1201 673 1233 729 in
1255 670 1372 730 ratione
1395 671 1590 748 epistaterum

283 772 337 831 Io
356 770 497 830 11814a
517 771 557 829 37
581 768 761 849 προθύματα
783 777 836 848 τῆς
859 766 968 848 ἑορτῆς.
1269 763 1271 772 ⁴

370 899 396 937 v.
418 879 437 936 3
461 879 501 938 in.
524 877 634 936 litteris
660 865 796 938 EY5lN
821 893 923 935 vocem
946 895 1023 952 quae
1046 877 1170 954 stirpem
1197 876 1325 935 nominis
1349 877 1496 937 Eleusinii
1525 896 1592 936 con-

281 978 392 1052 tinest,
418 977 513 1034 latere
540 977 639 1051 patet3
670 975 812 1034 forisium
840 993 946 1033 nomen
974 973 1035 1033 iem
1058 994 1084 1034 v.
1107 975 1125 1032 8
1149 974 1247 1048 adest,
1279 973 1377 1032 locum
1408 977 1508 1034 eutem
1531 994 1592 1050 quo

282 1093 366 1135 secra
381 1074 493 1148 fierent,
513 1072 738 1132 commemorari
752 1075 877 1148 oportet.
915 1072 979 1132 lam
998 1090 1064 1131 cum
1079 1072 1320 1149 supplementum
1333 1069 1365 1132 ἕν
1381 1065 1555 1150 Ἑλ]ευσι”ν[ι
1565 1064 1590 1152 Ξ]

240 1245 241 1250 ¹
282 1174 416 1246 lacunae,
440 1191 516 1248 quse
536 1191 554 1230 e
574 1171 695 1230 sinistre
713 1171 787 1245 hiet,
810 1169 860 1229 vix
878 1169 1017 1245 sufficiet,
1036 1169 1223 1230 scribendum
1241 1167 1412 1230 viderere
1431 1175 1476 1231 τόι
1491 1163 1592 1230 Ἐλευ-

282 1269 373 1331 σινίοι
393 1260 401 1330 Ξ
421 1290 516 1347 neque
540 1269 620 1328 enim
644 1269 748 1328 fenum
771 1268 911 1328 Eleusine
938 1269 1005 1347 ipss
1032 1269 1125 1328 situm
1154 1269 1227 1327 item
1247 1261 1430 1328 Ἐλευσίνιον
1453 1272 1592 1329 vocaturn

284 1387 346 1429 esse
369 1371 449 1428 recte
472 1359 653 1448 negetur.¹³)

371 1476 485 1534 Deinde
509 1474 540 1533 di
565 1475 671 1550 quibus
695 1492 779 1534 secra
802 1474 885 1547 fient,
911 1478 1131 1534 enumerentur.
1168 1473 1298 1544 Quorum
1324 1475 1383 1534 duo
1402 1493 1464 1534 esse
1484 1494 1593 1554 genere

282 1575 330 1634 vel
353 1573 644 1656 obiterinspicieuti
669 1575 802 1649 apparet.
849 1572 889 1630 Di
912 1573 990 1631 enim
1012 1575 1132 1650 proprie
1154 1573 1276 1648 mystici
1298 1590 1358 1630 non
1381 1572 1438 1631 nisi
1457 1592 1475 1631 s
1495 1573 1592 1633 medio

282 1693 310 1732 s.
331 1675 350 1732 4
375 1673 543 1746 occurrunt,
566 1671 746 1730 antecedunt
764 1671 795 1730 di
814 1670 944 1746 deaeque
963 1689 1017 1747 per
1035 1689 1066 1730 se
1085 1691 1104 1729 ο
1122 1669 1270 1746 mysteriis
1291 1670 1390 1744 alieni,
1412 1690 1473 1730 una
1491 1675 1591 1731 temen

283 1791 351 1831 cum
374 1771 436 1831 illis
460 1771 491 1828 in
514 1771 584 1829 feno
608 1769 690 1829 culti.

372 1869 416 1928 Ac
439 1869 569 1945 primum
593 1866 712 1944 quidem
734 1865 818 1944 Γ]ἒι,
847 1867 878 1925 id
907 1867 987 1943 quod
1015 1869 1075 1926 iem
1098 1867 1281 1926 Lenormeut
1307 1871 1504 1944 proposuerat
1526 1869 1591 1927 coll.
1695 1915 1696 1918 τ

285 1967 438 2044 Aristoph.
462 1966 578 2026 Thesm.
599 1967 738 2042 296sqq.
763 1961 898 2044 Εόχεσθε
931 1969 997 2024 ταῖν
1024 1961 1229 2043 Θεσμοφόροιν
1252 1973 1287 2048 τῇ
1312 1965 1448 2045 Δήμητρι
1479 1963 1529 2025 καί
1557 1973 1592 2049 τῇ

284 2063 367 2147 Κόρῃ
390 2061 444 2124 καὶ
462 2069 502 2146 τῷ
527 2062 652 2147 Πλούτῳ
675 2061 724 2122 καὶ
747 2073 783 2147 τῇ
807 2061 998 2146 Καλλιγενείᾳ
1020 2059 1071 2122 καί
1093 2071 1128 2146 τῇ
1152 2061 1351 2146 Κουροτρόφρ
1373 2057 1462 2146 (Pp)
1479 2059 1529 2124 καί
1552 2069 1591 2146 τῷ

279 2155 375 2247 Ἑρμῇ
393 2160 443 2222 καὶ
461 2166 524 2234 ταῖς
538 2161 675 2241 Χάρισιν,
695 2181 756 2222 esse
776 2161 962 2221 scribendum
981 2179 1015 2219 sc
1033 2160 1215 2220 reiciendum
1235 2161 1436 2221 coniecturam
1450 2154 1591 2241 Ἑιτάτ]ει,

283 2280 373 2338 quem
396 2259 510 2320 Robert
533 2263 622 2318 acuta
645 2262 904 2338 argumentatione
928 2251 1115 2342 defenditu),
1139 2261 1270 2335 spetiem
1293 2260 1419 2319 laeunse
1442 2279 1520 2320 nunc
1543 2261 1592 2318 de·
1696 2285 1697 2300 ι

283 2379 366 2418 mum
391 2358 587 2417 constitutum
611 2357 704 2417 docet.
751 2357 813 2417 Nec
836 2359 912 2416 mira
936 2359 981 2416 est
1002 2357 1077 2416 haee
1096 2356 1261 2417 similitudo
1280 2359 1378 2416 cultus
1397 2357 1544 2418 Eleusinii
1563 2359 1593 2416 et

283 2455 596 2533 Thesmophoriorum,
624 2456 714 2515 immo
738 2456 825 2515 facile
850 2457 1015 2532 explicetur
1042 2455 1157 2533 origine
1180 2474 1283 2514 eorum
1307 2461 1443 2532 cognate,
1472 2457 1507 2515 de
1531 2475 1592 2532 qus

285 2555 403 2634 egregie
425 2554 566 2614 disseruit
588 2552 684 2613 Prott.
1697 2631 1698 2642 ρ

372 2673 398 2710 v.
419 2655 437 2712 3
459 2655 530 2711 extr.
555 2671 610 2729 ego
634 2652 705 2710 olim
722 2642 972 2731 Ἀθηναίαιίβοῦν
996 2653 1204 2729 suppleveram
1228 2653 1293 2711 coll.
1313 2674 1341 2713 n.
1362 2655 1380 2712 4
1406 2673 1432 2712 v.
1453 2655 1496 2712 40
1516 2645 1590 2734 (vid.
1697 2643 1698 2690 ἶ

285 2752 376 2828 paulo
394 2743 498 2832 inira),
522 2750 573 2809 sed
592 2751 636 2809 ite
654 2750 763 2809 lacuna
781 2770 838 2809 non
859 2751 1007 2826 expletur;
1030 2749 1117 2809 Prott
1136 2749 1229 2827 igitur
1247 2746 1475 2830 [Ηιπιτοθοόντι
1492 2745 1593 2829 τρι]όν

282 2849 454 2928 proposuit,
482 2851 513 2908 et
535 2847 696 2908 sacrificari
719 2849 879 2908 Eleusiniis
903 2848 1122 2925 Hippothoonti
1145 2848 1207 2907 filio
1231 2849 1366 2924 Neptuni
1394 2849 1497 2908 stetim
1524 2852 1594 2925 post

282 2950 314 3006 in
338 2947 428 3007 titulo
452 2947 685 3020 commemorati,
708 2965 854 3023 eponymo
882 2946 979 3006 tribus
1002 2948 1051 3006 cui
1073 2946 1189 3006 Eleusis
1218 2947 1348 3024 ascripta
1376 2952 1454 3021 erat,
1481 2965 1535 3024 per
1562 2965 1593 3006 se

283 3045 357 3105 setis
380 3043 444 3104 reri
467 3045 564 3104 simile
588 3047 641 3119 est,
669 3045 720 3104 sed
749 3043 849 3104 obstet
877 3044 965 3121 quod,
988 3047 1045 3104 etsi
1072 3044 1133 3103 tels
1161 3045 1338 3104 sacrificium
1364 3047 1396 3103 in
1424 3045 1592 3104 rationibus
1698 3045 1699 3052 ’

282 3143 444 3202 Eleusiniis
473 3145 574 3219 quarti
600 3162 626 3202 a.
646 3140 713 3201 Chr.
732 3162 760 3202 n.
785 3143 895 3202 saeculi
924 3133 1107 3224 occurritst),
1135 3143 1166 3202 in
1197 3143 1365 3219 antiquiore
1396 3146 1496 3202 tamen
1527 3144 1593 3222 lege

284 3233 326 3322 (n.
347 3233 382 3323 4)
405 3241 484 3300 inter
502 3241 573 3300 deos
596 3241 749 3301 sacrificiis
772 3240 910 3301 colendos
933 3241 1016 3300 nulle
1040 3240 1102 3300 eius
1125 3242 1239 3302 mentio
1258 3241 1305 3318 fit;
1329 3241 1423 3300 slters
1447 3261 1483 3300 ex
1505 3245 1591 3317 perte

283 3455 379 3509 ments
398 3453 475 3509 velut
497 3454 651 3522 πρωτόλεια
670 3455 761 3524 (Phot.
777 3461 864 3524 469,l
883 3453 1050 3525 πρωτόλεια·
1074 3456 1110 3510 τὰ
1133 3454 1303 3527 ἀπάργματα
1326 3463 1375 3526 τῆς
1398 3455 1474 3521 λείας
1498 3455 1516 3510 ἃ
1536 3466 1594 3519 τοῖς

282 3537 364 3596 θεοῖς
382 3532 558 3590 ἀνετίθεσαν.
579 3532 596 3604 ἢ
615 3535 645 3590 ul
663 3545 719 3590 τῶν
734 3545 850 3604 καρπῶν
868 3537 995 3608 ἀπαρχαί
1014 3533 1076 3591 οἷον
1090 3536 1260 3606 πρωτολήϊα)
1279 3539 1336 3592 veri
1357 3537 1461 3592 similis
1480 3540 1553 3592 sunt.

356 3617 399 3684 18)
418 3614 491 3668 illud
510 3613 597 3684 Prott,
616 3615 670 3671 hoc
689 3615 836 3671 Kircbhoff
852 3619 881 3670 et
899 3617 932 3671 A.
947 3615 1102 3671 Mommsen
1116 3617 1325 3688 prsetnlernnt;
1344 3619 1494 3685 utrumque
1510 3634 1594 3686 posse

284 3695 342 3749 fieri
361 3697 439 3764 puto,
459 3694 508 3750 sed
527 3695 661 3764 quonism
680 3695 798 3750 Athenis
818 3696 928 3751 diversa
946 3695 1060 3751 fuerunt
1078 3713 1183 3767 genera
1201 3697 1424 3768 hieropoeorum,
1444 3697 1537 3752 nescio
1557 3713 1594 3752 en

283 3776 408 3844 praestet
427 3776 595 3845 coniungere
613 3776 661 3838 τὸς
679 3777 837 3844 bossessoris
852 3773 1034 3843 Ἐλεοσινίον,
1053 3777 1088 3831 cf.
1108 3778 1196 3832 etism
1214 3793 1287 3848 quse
1301 3779 1338 3833 de
1355 3778 1410 3833 hec
1429 3794 1458 3832 re
1477 3779 1592 3848 exposui

283 3855 382 3910 lein.
403 3856 478 3910 Mus.
498 3855 533 3909 LI
556 3862 730 3926 p.·219sqq.,
750 3857 799 3912 ubi
822 3859 919 3911 temen
941 3875 968 3926 p.
989 3863 1041 3910 884
1064 3860 1139 3912 reete
1158 3859 1254 3912 monui
1273 3875 1308 3913 ne
1334 3859 1465 3913 institute
1490 3859 1594 3912 aetatis

282 3933 424 3990 Periclsse
442 3935 584 4005 prioribus
602 3937 776 4007 temporibus
794 3940 900 3992 temere
912 3936 1133 3992 vindicaremus.
1167 3938 1222 3993 Sed
1241 3939 1401 4008 ἱεροποιοὺς
1416 3935 1594 3994 Ἐλευσινίαν

283 4016 331 4069 καλ
349 4014 515 4085 μυστηρίων,
535 4033 606 4086 quos
625 4017 705 4071 finxit
723 4016 755 4071 Α.
767 4016 931 4084 Mommsen,
950 4034 1075 4086 unqusm
1092 4017 1179 4074 fuisse
1197 4019 1364 4073 incredibile
1382 4021 1433 4074 est.

356 4099 399 4166 13)
425 4099 501 4150 certo
524 4097 553 4150 ni
577 4096 661 4150 fallor
679 4098 841 4152 testimonio
865 4101 930 4152 sunt
953 4097 1077 4153 rationes
1096 4098 1257 4155 Eleusinios
1276 4100 1296 4153 1
1299 4099 1325 4154 G
1339 4099 1365 4153 11
1378 4104 1469 4167 884ο,
1489 4097 1539 4153 ubi
1558 4099 1594 4152 de

283 4175 414 4245 operibns
440 4175 573 4230 Eleusine
598 4175 682 4232 iactis
708 4195 731 4230 v.
751 4179 828 4248 8οί81
857 4177 962 4247 legitur
988 4177 1083 4248 ἕτερομ
1109 4178 1269 4249 σφόνδυλον
1297 4179 1445 4249 ἠρξάμεθα
1471 4176 1593 4248 κομίζειν

283 4253 399 4329 δευτέρᾳ
419 4254 588 4328 φθάνοντοςΙ
609 4289 639 4296 -
658 4259 806 4327 -μισθὸς
824 4267 883 4319 τοῖς
902 4257 1039 4328 ζ]εόγεσιν
1054 4291 1086 4299 -
1103 4291 1136 4300 -
1151 4259 1238 4314 πάλιν
1252 4269 1352 4315 τοῦτον
1366 4260 1424 4314 άπὸ
1438 4268 1488 4314 τοῦ
1499 4256 1593 4314 Ἐλευ-

283 4333 374 4390 σινίου
394 4337 423 4389 et
441 4337 497 4390 iarn
518 4336 620 4392 desunt
640 4337 758 4406 reliqua,
778 4339 828 4392 sed
847 4347 910 4391 cum
929 4336 1007 4392 locus
1027 4356 1082 4408 quo
1107 4338 1266 4408 σφόνδυλος
1288 4343 1384 4394 rectus
1404 4342 1458 4404 est,
1484 4339 1593 4394 Eleusis

283 4416 329 4482 sit,
347 4416 434 4469 verbs
451 4417 535 4470 πάλιν
554 4425 654 4473 τοῦτον
674 4418 731 4472 ἀπὸ
749 4427 799 4472 τοῦ
815 4415 870 4472 Ἑλ.
891 4419 927 4471 sd
951 4418 1049 4472 fenum
1073 4419 1204 4474 Eleusine
1228 4421 1314 4474 situm
1337 4435 1394 4474 non
1417 4420 1513 4474 referri
1538 4437 1593 4473 non

282 4499 413 4566 possunt,
439 4497 474 4549 cf.
493 4515 519 4550 n.
535 4503 551 4549 4
570 4515 597 4550 v.
612 4503 655 4551 81.
692 4497 780 4552 Paulo
804 4498 938 4552 incertior
961 4503 1063 4552 ustura
1081 4501 1125 4554 est
1148 4499 1268 4554 eliorum
1286 4501 1523 4555 testimoniorum:
1545 4501 1564 4553 I
1568 4503 1592 4554 G

283 4575 307 4628 Π
322 4575 399 4630 8841)
415 4575 555 4630 colluti
570 4576 751 4647 (Rubensobn
770 4577 788 4632 l.
803 4596 826 4632 c.
840 4596 869 4648 p.
885 4583 984 4648 ttsqq.
1001 4597 1062 4633 eum
1083 4579 1147 4633 adn.
1162 4598 1189 4650 p.
1200 4584 1245 4650 84)
1260 4582 1289 4634 et
1307 4582 1327 4634 I
1331 4581 1356 4636 G
1370 4579 1383 4634 I
1397 4579 1488 4649 suppl.
1504 4580 1593 4646 8888,

280 4652 342 4726 Ἐφ.
358 4653 423 4728 ilo).
440 4661 507 4710 1895
523 4675 550 4725 p.
562 4663 594 4711 99
612 4676 639 4711 n.
654 4663 686 4712 18
701 4659 788 4728 (apud
804 4675 847 4713 me
861 4676 888 4711 n.
900 4663 934 4727 t),
956 4659 1093 4713 Aristides
1108 4659 1120 4712 Ι
1134 4678 1161 4730 p.
1172 4666 1222 4715 481
1235 4660 1317 4714 Dind.
1333 4660 1423 4730 (Prott
1441 4677 1469 4729 p.
1485 4665 1546 4726 250,
1559 4664 1593 4726 1),

283 4735 318 4790 cf.
338 4737 425 4792 etiem
444 4737 550 4791 Andos.
566 4737 577 4790 l
593 4743 653 4792 138.

355 4819 399 4887 lt)
418 4817 450 4870 cle
471 4817 579 4872 (lratiis
598 4819 700 4873 Atticis
719 4819 746 4871 in
768 4817 921 4873 Comment.
942 4819 1104 4874 Mommsen.
1125 4839 1152 4890 p.
1168 4827 1218 4875 148
1229 4841 1289 4890 sqq.

355 4899 399 4968 15)
417 4897 467 4954 10
481 4897 507 4951 ll
520 4897 611 4969 suppl.
627 4904 679 4953 834
691 4899 708 4952 b
727 4899 752 4952 ll
769 4905 800 4952 78
819 4899 875 4954 vid.
890 4900 965 4954 infra
983 4919 1010 4970 p.
1027 4906 1060 4954 84
1079 4905 1136 4956 not.
1153 4907 1194 4956 88.
