3426 5462
667 318 823 374 soulers
841 337 868 374 u.
885 325 919 373 10
1409 320 1453 386 43

137 490 382 566 pronuntientur.
409 521 446 530 —
472 509 499 548 ν.
521 491 539 548 9
564 487 597 549 ἐν
618 480 891 570 Κυνο[σούραι]“)
916 491 1033 568 egregie
1057 490 1208 566 supplevit
1225 490 1367 550 Wilhelm
1392 493 1455 552 eius

137 587 222 648 Iovis
245 605 331 648 soors
349 588 534 666 intellegens,
557 589 605 647 eui
622 589 655 646 in
673 587 881 664 promunturio
901 586 1061 648 Seleminis
1079 588 1195 648 insuloe
1215 587 1369 666 Cynosura
1389 587 1455 669 τρό-

139 707 233 746 νιαιον
257 688 440 746 exstructum
463 704 527 746 esse
549 677 726 766 eoustot²⁶);
750 684 801 745 sed
823 687 887 764 ipse
905 687 968 746 iem
986 685 1141 746 admonuit
1160 688 1250 747 etism
1269 687 1306 747 de
1324 688 1454 748 eiusdem

140 786 273 846 nominis
300 784 507 861 promuntruio
530 784 732 860 Marathonio,
760 785 812 844 ubi
838 784 912 844 item
933 785 1035 844 Iovem
1059 785 1227 862 Tropaeum
1255 786 1369 845 cultum
1392 805 1455 847 esse

140 882 288 944 dissimile
312 884 375 942 reri
403 885 481 942 certe
508 901 569 942 nou
599 875 707 964 est'¹⁶);
732 885 822 960 etque
849 885 881 942 iu
908 884 1060 960 regionem
1083 883 1340 960 Tetrapolensium
1364 883 1456 944 etiem

140 981 238 1041 Xuthi
260 981 409 1041 mentione
434 973 474 1063 (v.
497 973 552 1062 11)
576 981 646 1040 duoi
669 981 812 1056 videmur,
839 982 874 1040 of.
894 981 974 1041 infru
997 981 1033 1040 od
1057 1000 1085 1040 v.
1106 984 1155 1040 11.

232 1100 259 1139 v.
282 1081 322 1140 10
347 1070 509 1160 ‘Eporedia‘
531 1075 564 1139 ἐν
586 1086 639 1140 τῶι
661 1076 755 1139 ἕλαιεῖ
773 1079 869 1156 suppl.
885 1079 974 1138 Wilh.
995 1079 1061 1139 ooll.
1085 1079 1266 1139 161164.
1288 1083 1360 1141 170.
1382 1084 1456 1159 113,

139 1178 196 1238 ubi
222 1179 255 1238 in
283 1178 495 1238 traditionibus
518 1195 617 1238 rerum
640 1194 792 1238 sacrorum
822 1180 869 1237 ter
900 1177 1060 1258 καρχήσιον
1089 1176 1169 1257 ἱερὸν
1196 1186 1250 1238 τοῦ
1269 1170 1456 1260 Ἡρακλέους

140 1283 196 1338 τοῦ
218 1275 252 1337 ἐν
271 1270 387 1336 Ἐλαιιῖ
404 1279 582 1352 recensetur,
605 1279 636 1335 et
659 1275 759 1352 Steph.
773 1275 844 1352 Byr.
866 1267 1009 1353 Ἐλαιεύς,
1032 1275 1127 1354 δῆμος
1149 1285 1203 1355 τῆς
1220 1270 1456 1350 Ἱπποθωντίδος

140 1379 243 1452 φυλῆς
269 1370 311 1447 ὥς
333 1372 504 1446 Διονύσιος·
534 1371 686 1454 Διόδωρος
715 1366 743 1434 d’
767 1365 904 1446 Ἐλαιοῦς
926 1367 981 1452 ἀφ’
1008 1365 1044 1436 οὗ
1067 1372 1083 1435 ὁ
1108 1374 1240 1454 δημότης
1260 1367 1455 1454 Ἐλαιούσιος,

141 1471 178 1532 τὰ
209 1470 315 1532 τοττιιιὰ
340 1464 570 1534 ’mamertem
601 1468 652 1532 καλ
680 1465 887 1534 Ἐλαιουντάδε
918 1469 968 1533 κοιλ
993 1465 1172 1534 Ἐλαιοῦντι·
1205 1470 1317 1554 λέγεται
1348 1471 1398 1534 καὶ
1425 1472 1454 1548 ἐξ

137 1565 287 1644 Ἐλαιέας,
309 1589 345 1631 eo
368 1571 543 1647 quaestione
561 1570 596 1630 de
621 1571 681 1632 situ
703 1572 777 1650 pegi
800 1564 967 1643 ‘'Eteudr'
992 1589 1107 1648 epego
1132 1566 1303 1645 ‘'Eiorotr'
1328 1573 1455 1634 fortasse

141 1669 329 1730 discernendi
352 1668 511 1748 diligenter
534 1668 673 1730 institute
694 1669 850 1730 delubrum
869 1669 1006 1730 Herculis
1028 1667 1061 1730 ἐν
1079 1675 1118 1753 τῷ
1138 1668 1232 1730 liutei
1250 1673 1341 1732 situm
1360 1672 1456 1748 suspi-

140 1771 230 1829 eatur
249 1768 330 1827 idem
348 1767 439 1828 fuisse
458 1785 493 1826 eo
511 1766 696 1850 τετράκωμον
711 1758 883 1848 Ἡράκλειον
899 1759 1014 1849 (Steph.
1028 1768 1100 1846 Byr..
1113 1760 1280 1850 Ἐνςελζδαι),
1300 1787 1359 1846 quo
1378 1787 1456 1829 oom-

140 1868 275 1926 muniter
297 1865 460 1925 utebantur
481 1865 514 1926 ολ
536 1859 704 1944 Ἀθήνησιν
726 1865 904 1945 verodunum
929 1867 949 1925 i.
969 1887 993 1925 e.
1018 1868 1167 1946 Πειραιεῖς
1192 1869 1339 1946 Φαληρεῐς
1361 1862 1457 1930 Ξυπε-

143 1963 259 2037 ταίονες
286 1963 470 2042 Θυμοιτολδαι
493 1957 582 2047 (Poll.
602 1963 646 2024 IV
662 1956 749 2046 105).
796 1964 942 2040 Equidem
964 1966 1075 2024 iterum
1098 1964 1242 2024 admoneo
1265 1967 1370 2025 notum
1393 1983 1456 2025 esse

142 2063 283 2124 Hereulis
315 2063 428 2122 cultum
462 2055 755 2146 Tetrapolensem¹⁷)
793 2082 828 2122 oe
865 2063 1018 2122 delubrum
1052 2064 1115 2123 eius
1147 2082 1239 2139 prope
1272 2061 1456 2139 Cynosuram

141 2161 374 2237 Marathoniam,
397 2161 433 2222 de
453 2180 512 2237 quo
530 2161 621 2237 poulo
639 2179 730 2238 supro
749 2161 986 2236 commemoravi,
1004 2162 1096 2220 fuisse
1115 2152 1217 2243 (Prott
1234 2162 1322 2220 Fasti
1339 2181 1367 2220 n.
1380 2161 1456 2221 2611

141 2279 169 2318 v.
192 2260 232 2319 18
259 2291 300 2300 —-
325 2292 366 2300 -
392 2291 434 2300 -
458 2282 493 2320 ωι
502 2252 541 2341 18)
565 2255 597 2320 ἕν
619 2259 813 2341 Κυνοσούροιι
838 2253 841 2339 l
868 2254 925 2339 [-
950 2291 992 2300 ·-
1015 2254 1110 2340 παρὰ]
1139 2259 1171 2320 τὸ
1190 2251 1389 2340 Ἡρακλεῖον).
1413 2291 1457 2301 -

141 2357 189 2417 De
213 2356 422 2434 supplemento
445 2352 603 2438 τρ[ολπεζαν
626 2354 833 2439 ἐνοτορνύναι]
856 2378 883 2417 v.
903 2357 942 2416 ed
964 2377 991 2417 v.
1012 2359 1040 2416 8.

236 2485 264 2525 r.
285 2467 324 2523 11
349 2457 489 2547 Ξ]ούθῳε
513 2467 539 2524 si
562 2464 681 2540 quidem
704 2465 811 2524 titulus
831 2466 951 2526 Attious
974 2466 1028 2540 est,
1050 2465 1185 2524 Xuthum
1208 2464 1246 2524 ob
1269 2465 1457 2526 Atheniensi-

140 2565 198 2624 bus
221 2563 336 2624 uultum
354 2580 417 2624 sese
434 2565 496 2620 iem
515 2566 594 2622 certo
613 2563 785 2624 testimonio
804 2565 930 2638 constet,
949 2582 983 2623 ee
1001 2563 1128 2624 tradidit
1147 2562 1243 2623 Strub.
1254 2562 1329 2622 Vm
1347 2584 1376 2640 p.
1392 2565 1455 2624 383

141 2659 264 2733 Ξοῦθος
287 2693 329 2702 -
353 2659 408 2739 τὴν
429 2654 591 2740 Ἐρεχθέως
613 2658 764 2743 θυγατέρα
785 2660 883 2742 γήμας
905 2657 989 2744 ς”νιισε
1018 2659 1074 2739 τὴν
1097 2659 1267 2741 τετράπολιν
1290 2669 1343 2739 τῆς
1367 2654 1457 2722 Ἀττι-

141 2767 200 2839 τῆς
211 2751 259 2840 ¹⁹),
287 2757 319 2818 id
346 2759 425 2836 quod
453 2759 663 2837 gravissimum
686 2759 829 2819 indioium
852 2761 927 2820 mihi
950 2759 1068 2820 videtur
1095 2760 1192 2839 legem
1215 2760 1331 2838 regioni
1354 2760 1456 2820 Tetro-

141 2857 261 2936 polensi
285 2875 348 2918 esse
370 2857 569 2918 tribuendam.

234 2985 261 3024 v.
287 2965 337 3025 12.
384 2962 490 3025 Glouei
521 2965 618 3024 uoltus
646 2965 765 3025 Attieue
792 2967 926 3043 ignotus,
959 2965 1037 3025 unde
1069 2969 1174 3026 oontre
1201 2965 1349 3044 originem
1375 2965 1456 3026 Atti-

142 3083 211 3124 oom
238 3063 314 3122 nihil
342 3061 484 3136 efficitur,
511 3063 733 3139 reotissimeque
755 3063 907 3138 Wilhelm,
937 3083 1027 3140 quem
1056 3064 1145 3123 multi
1176 3063 1281 3123 heroes
1310 3063 1457 3124 heroides-

144 3181 203 3238 que
230 3164 263 3220 in
286 3160 389 3220 Attiou
417 3161 492 3220 oulti
524 3161 584 3220 siut
612 3161 731 3222 aliunde
758 3163 843 3222 uobis
870 3161 980 3242 ignoti,
1012 3163 1146 3238 exemplo
1179 3163 1326 3222 festorum
1354 3163 1456 3221 Tetra·

142 3259 312 3337 polensium
344 3260 496 3338 cognitum
529 3277 591 3320 esse
627 3259 790 3319 admonuit.
849 3259 966 3319 Flomit
1000 3261 1098 3320 eultus
1131 3258 1238 3320 Glouei
1268 3259 1458 3336 potissimum

142 3357 226 3435 epud
252 3359 360 3418 nentes
387 3357 516 3418 Boeotos
544 3361 574 3418 et
600 3350 807 3440 Euboieos”)‚
836 3377 911 3434 quoe
938 3376 985 3418 res
1013 3360 1086 3418 item
1113 3357 1223 3437 origini
1252 3358 1458 3436 Tetrapolensi

220 3557 263 3625 14)
282 3553 330 3609 Po.
341 3555 371 3611 ἐν
390 3554 489 3627 rurist
507 3555 634 3627 reportet]
648 3557 834 3625 proposuerat
848 3555 877 3609 et
889 3571 923 3610 eo
937 3555 1050 3610 nomine
1065 3555 1166 3611 oollem
1182 3555 1268 3611 hodie
1277 3553 1458 3623 κακοκεφαλή

143 3635 321 3692 nominatum
350 3633 505 3706 significari
533 3634 665 3702 coniecit,
693 3651 777 3705 quem
805 3651 865 3690 esse
889 3636 967 3691 cenis
991 3635 1079 3707 cupiti
1103 3635 1225 3692 similem
1247 3635 1383 3702 effirmet3
1408 3635 1458 3691 sed

143 3717 219 3770 hono
241 3717 380 3770 rationem
402 3715 489 3786 plone
511 3715 649 3770 lubricum
669 3732 729 3770 esse
747 3731 798 3770 nee
816 3731 913 3786 potem
932 3715 1015 3771 certis
1034 3716 1157 3783 indiciis,
1180 3731 1254 3784 queo
1272 3716 1397 3771 Atticum
1415 3715 1457 3770 le-

143 3796 221 3868 pidis
240 3797 379 3866 originem
397 3796 590 3867 suppeditent,
609 3797 697 3867 petet.

219 3879 264 3946 16)
287 3875 321 3930 of.
341 3875 423 3930 Peus.
442 3876 456 3931 1
475 3882 557 3944 66,1,
579 3872 642 3947 Ἐφ.
656 3873 723 3947 Ἅρχ.
745 3882 815 3932 1884
832 3894 860 3946 p.
876 3881 927 3932 166
946 3894 970 3931 ν.
987 3882 1028 3932 63,
1070 3877 1119 3931 Ari
1143 3877 1238 3931 autem
1259 3873 1393 3948 Τοοιιαλῳ
1416 3875 1458 3930 ibi

145 3972 228 4012 serre
246 3955 307 4012 fieri
326 3956 411 4012 solito
429 3971 490 4012 esse
509 3957 718 4012 demonstretur
736 3955 907 4028 ephebomm
925 3956 1017 4012 titulis
1037 3956 1130 4013 1011
1148 3961 1200 4010 461
1219 3955 1356 4026 (Dittenb.
1374 3955 1458 4028 Syll!

144 4039 209 4107 521)
236 4039 266 4092 et
288 4041 354 4102 414,
383 4053 501 4106 quorum
525 4037 688 4093 testimonio
716 4037 790 4093 iusto
819 4038 911 4092 minus
939 4037 1040 4093 tribuit
1062 4037 1091 4091 P.
1111 4035 1308 4091 Wilhelminm
1334 4034 1457 4092 refutem

143 4118 251 4173 frustm
269 4133 381 4173 oeneus.

219 4201 263 4268 16)
286 4196 367 4254 Pons.
386 4195 657 4268 131,6ιιονιοληται
680 4197 712 4255 61
730 4199 779 4254 καλ
796 4195 934 4268 τρόπαιον
952 4195 1037 4254 λίθου
1059 4200 1175 4265 λευκοῦς
1201 4199 1236 4253 de
1259 4197 1316 4252 situ
1336 4197 1396 4252 eius
1415 4197 1457 4250 in-

144 4281 222 4334 certo
241 4295 266 4332 ν.
281 4277 534 4349 Bitnig-Blfimner
551 4278 633 4333 Pons.
648 4279 661 4332 I
678 4297 706 4349 p.
721 4285 781 4334 666.

219 4361 263 4430 11)
278 4359 359 4414 Peus.
374 4357 388 4412 1
407 4363 476 4426 1o‚e
495 4360 524 4414 et
543 4364 586 4426 31,
596 4366 620 4414 4.

219 4442 263 4508 18)
282 4439 511 4510 supplementum
528 4440 600 4508 πρὸς
617 4447 667 4495 τῶν
685 4441 791 4512 limpor]
810 4439 867 4495 veri
886 4456 999 4510 prorsus
1018 4438 1155 4494 dissimile
1172 4441 1227 4506 est3
1247 4439 1316 4509 quid
1333 4439 1357 4493 si
1370 4439 1457 4509 serip-

144 4525 208 4575 tum
225 4519 282 4574 ruit
300 4519 350 4573 Διλ
366 4515 517 4592 semathei
535 4520 567 4575 ἐν
584 4521 782 4588 Κυυοοούςαιῖ

219 4602 263 4671 19)
283 4599 318 4655 ef.
338 4601 425 4656 etium
443 4599 631 4655 Wilemowitn
651 4601 809 4658 Aristoteles
827 4619 854 4656 ιι.
870 4602 961 4656 Athen
978 4600 1005 4654 Π
1022 4619 1050 4671 p.
1066 4605 1179 4667 16114.
1413 4665 1416 4668 Δ

218 4683 263 4752 20)
283 4680 365 4737 Pons.
380 4679 419 4735 IX
437 4687 480 4748 22,
491 4687 520 4750 6,
540 4679 631 4736 Streb.
642 4679 681 4734 IX
695 4686 760 4747 4053
781 4681 913 4736 Euboeae
931 4681 1006 4736 filius
1024 4681 1129 4736 dieitur
1147 4681 1248 4738 Athen.
1258 4681 1310 4736 Vll
1328 4700 1356 4752 p.
1372 4681 1457 4736 1966.

144 4762 287 4816 Nimirum
300 4761 354 4816 hoe
369 4759 469 4816 Glouoi
484 4764 513 4816 et
522 4761 610 4816 Xuthi
621 4763 763 4816 mentione
773 4761 974 4832 Pepsbesileue
988 4762 1109 4816 maxime
1122 4763 1232 4830 nititur,
1246 4764 1278 4816 ut
1288 4761 1457 4816 Euboeiesm

143 4841 223 4898 tituli
247 4843 386 4913 origiuem
409 4845 534 4911 tueatur,
558 4860 609 4898 neo
626 4845 722 4897 temen
741 4842 792 4898 ille
815 4843 883 4896 setis
906 4842 981 4898 volet
1003 4845 1101 4898 sonus
1123 4841 1368 4899 ratiocinationem
1386 4838 1457 4894 Wil-

143 4923 244 4979 helmii
263 4939 349 4994 supro
367 4939 385 4978 e
403 4939 448 4979 me
467 4923 630 4994 expositum.
