3434 5464
287 315 352 380 316
804 317 919 372 LEGES
939 316 1079 372 sadala

377 477 571 547 Inscriptionis
586 496 609 532 v.
627 486 641 533 1
656 477 803 544 Hillerum,
823 495 887 532 cum
905 480 1028 549 primum
1046 479 1161 534 titulum
1181 479 1284 544 ederet,
1303 477 1418 549 fugerat
1435 480 1465 533 et
1482 479 1593 534 demum
1690 479 1691 488 ’

286 573 360 612 anno
381 562 463 625 1899,
492 574 555 612 cum
580 576 637 614 una
660 576 723 612 curn
742 558 845 614 Karnio
869 559 961 614 denno
984 577 1082 630 rupem
1106 560 1270 629 inspiceret,
1298 559 1457 614 litterarum
1476 561 1595 628 vestigia
1690 575 1691 594 ³

285 637 394 693 incerta
410 639 475 709 mpi
493 639 646 694 incisarum
664 639 800 709 dispexit,
819 656 853 694 ao
870 643 931 694 tum
949 641 1064 710 quidem
1083 657 1117 696 ea
1136 641 1202 706 fero,
1224 657 1297 709 quae
1315 642 1410 710 recepi
1427 640 1523 710 legere
1542 641 1596 694 sibi

285 717 361 774 visus
371 722 440 788 erat
454 720 504 774 aed
514 720 544 774 in
554 723 655 791 ectypo
670 737 706 775 ne
720 736 754 774 ea
763 721 877 790 quidem
888 721 983 774 omnia
996 721 1166 790 recognovit,
1181 722 1230 775 sad
1245 721 1329 776 tinam
1343 719 1441 786 solum,
1456 737 1523 774 eum
1533 733 1595 775 vero

285 798 511 936 {tqh'zgl'aefl
583 800 975 857 ν.4Αι.ΝΑΓΩΙΗΤΟΙΣΔΕ
998 801 1079 856 Weil.
1153 809 1208 856 ab
1237 799 1412 855 retorserit
1429 802 1594 854 ADP‘WQ

372 1047 455 1108 Haeo
480 1049 531 1109 lex
556 1054 659 1110 utrum
686 1053 797 1127 populo
825 1070 865 1110 an
892 1053 971 1128 parti
999 1052 1103 1128 populi
1131 1051 1250 1111 cuidam
1272 1071 1311 1111 en
1338 1051 1453 1111 homini
1476 1055 1595 1128 privato

283 1145 437 1222 debeatur,
460 1167 539 1207 nunc
561 1168 622 1208 nou
644 1151 705 1208 iam
729 1151 878 1226 explorari
901 1152 1013 1226 potest,
1037 1151 1109 1208 olim
1132 1150 1258 1209 fortasse
1282 1149 1313 1207 in
1336 1169 1364 1207 u.
1385 1155 1401 1208 1
1427 1150 1596 1209 indicatum

283 1248 356 1304 erat
393 1245 630 1324 Distinguuutur
653 1251 753 1308 autem
776 1248 835 1308 duo
859 1247 1016 1309 sacrificia:
1039 1268 1133 1307 unum
1156 1246 1235 1324 quod
1257 1246 1349 1307 fiebat
1366 1247 1466 1307 hostia
1484 1247 1595 1307 mensis

281 1343 438 1403 Artamitii
462 1344 509 1404 die
532 1345 630 1405 XXIV
644 1347 757 1405 —cui
779 1346 834 1406 deo
858 1346 967 1406 desere
990 1346 1083 1423 fieret,
1106 1349 1159 1406 aut
1181 1350 1242 1405 ul
1268 1345 1434 1405 indicatum
1457 1351 1523 1405 erat
1542 1348 1596 1405 aut

282 1441 347 1518 ipso
375 1442 440 1502 loco
467 1443 673 1519 inscriptionis
700 1444 866 1521 apparebat
887 1475 932 1485 —
955 1445 1083 1505 alterum
1111 1444 1192 1521 quod
1218 1443 1401 1504 lectisternio
1429 1447 1461 1504 et
1487 1443 1595 1503 hostiis

281 1539 371 1598 fiebat
392 1531 565 1620 Ἀγορηΐοις.
610 1542 676 1601 Iam
703 1543 739 1601 de
767 1543 823 1602 hac
846 1543 913 1620 ipsa
935 1561 1007 1602 voce
1030 1543 1142 1622 ambigi
1164 1545 1277 1619 potest,
1306 1545 1408 1602 utrum
1436 1541 1595 1602 sollemnia
1691 1529 1692 1560 ³

282 1637 429 1712 quaedam
457 1638 595 1698 dicantur
623 1659 661 1699 an
689 1641 750 1716 dei,
777 1642 835 1701 fori
864 1642 977 1702 scilicet
1003 1640 1162 1718 praesides.
1209 1640 1274 1700 Hoc
1301 1640 1360 1700 dici
1388 1644 1419 1700 et
1441 1639 1541 1699 Hiller
1563 1645 1595 1698 at

281 1733 481 1796 Wilamowitz
499 1741 700 1813 consentiunt,
719 1758 808 1816 quam
827 1741 1006 1800 sententiam
1024 1759 1077 1816 per
1095 1758 1126 1799 se
1138 1739 1203 1798 veri
1222 1739 1397 1798 similiorem
1415 1757 1479 1798 esse
1497 1741 1594 1815 patet,

281 1836 423 1908 quoniam
451 1834 482 1894 di
506 1827 656 1915 Ἀγορήϊοι
683 1838 778 1897 multo
805 1839 923 1898 facilius
952 1837 1167 1917 intelleguntur
1194 1856 1284 1914 quam
1312 1837 1468 1896 sollemnia
1491 1835 1593 1896 nescio

279 1949 357 2007 quae
376 1924 524 2012 Ἀγορήια.
561 1934 674 1993 Tamen
692 1937 791 1996 nescio
810 1955 850 1994 an
867 1939 900 1994 in
922 1938 996 2012 ipsis
1014 1935 1218 2011 inscriptionis
1236 1935 1334 1995 uerbis
1353 1934 1503 2011 quaedam
1521 1937 1593 2008 sint,

280 2047 356 2104 quae
375 2031 464 2090 alteri
481 2033 724 2109 interpretationi
742 2034 872 2108 faveant
891 2053 968 2111 quae
984 2035 1091 2094 saltem
1108 2033 1214 2093 afferre
1227 2053 1324 2093 meum
1339 2032 1425 2092 duco.
1455 2031 1593 2092 Primum

278 2129 357 2186 enim
380 2128 441 2188 diei
463 2129 562 2189 XXIV
585 2131 694 2191 mensis
716 2131 873 2192 mauritii
900 2135 1012 2209 opponi
1033 2151 1136 2192 rocem
1156 2123 1322 2210 Ἀγορηδοις
1349 2132 1446 2208 specie
1469 2131 1591 2206 quidem

278 2227 478 2287 commendari
505 2226 637 2304 videtur,
669 2229 774 2290 deinde
803 2249 873 2290 vero
905 2231 985 2307 quod
1016 2231 1069 2290 illo
1097 2230 1146 2289 die
1177 2250 1270 2288 unum
1298 2226 1393 2308 δαρόν,
1427 2230 1592 2310 Ἀγορηΐοις

278 2325 379 2384 autem
401 2344 461 2384 non
484 2325 572 2386 modo
592 2326 715 2387 δεῖπνον
738 2328 792 2386 ie.
805 2322 1054 2411 lectisterniam¹)
1078 2327 1212 2403 offertur,
1234 2327 1286 2388 sed
1304 2328 1396 2387 etiam
1413 2329 1502 2404 plura
1520 2324 1592 2405 ἰαρὰ

277 2421 491 2499 sacrificantur,
513 2424 546 2482 id
565 2425 722 2485 discrimen
740 2427 858 2487 facilius
879 2428 1074 2507 intellegitur,
1097 2428 1124 2488 si
1141 2427 1236 2485 altero
1255 2427 1320 2485 loco
1339 2425 1376 2484 de
1395 2423 1591 2484 sollemnibus

275 2520 368 2596 paulo
395 2521 557 2582 maioribus
584 2525 694 2600 agitur.
739 2523 847 2601 Itaque
869 2528 904 2586 ut
926 2544 1004 2585 nunc
1027 2544 1075 2584 res
1098 2528 1156 2600 est,
1183 2524 1369 2600 exploratam
1392 2541 1458 2583 eam
1481 2522 1591 2582 ducere

277 2617 389 2677 dubito.

364 2716 401 2775 ln
423 2716 521 2778 verbis
549 2721 687 2780 extremis
714 2719 772 2799 πρὸ
800 2726 832 2781 τό
861 2722 970 2800 σαμηίο
996 2722 1219 2798 praepositione
1245 2721 1358 2796 locum,
1383 2738 1445 2780 non
1467 2724 1587 2796 tempus

274 2813 401 2873 indicari
429 2817 605 2894 signumque
634 2818 757 2895 aliquod
783 2812 954 2900 divinum²)
983 2819 1055 2893 dici,
1082 2819 1170 2896 quale
1203 2819 1341 2878 tridentis
1368 2819 1399 2876 in
1432 2837 1500 2878 arce
1527 2817 1589 2876 fuit

274 2912 473 2988 Athenarum,
496 2913 593 2974 Hiller
616 2919 743 2977 coniecit
765 2921 796 2978 et
818 2917 1006 2978 confirmavit
1028 2918 1228 2978 Wilamowitz
1251 2916 1332 2976 hisee
1353 2916 1453 2976 uerbis
1474 2919 1588 2976 notatu

273 3003 473 3092 perdiguis³):
498 3007 602 3087 ‘peroiss
624 3015 705 3074 loon
728 3015 785 3094 πρὸ
804 3035 865 3076 nar
887 3017 964 3076 oeae
982 3019 1045 3076 seire
1068 3011 1144 3075 “vor
1162 3017 1227 3075 dero
1246 3009 1402 3089 Zeerm’z
1423 3016 1587 3074 wadraeus·

273 3111 312 3167 iet
333 3109 389 3168 das
411 3111 467 3170 doe
490 3105 658 3186 “sparsor”
684 3111 750 3184 (der
772 3115 902 3189 Fetiscb)
929 3116 982 3174 der
1004 3111 1147 3194 dyopr'poc.
1171 3146 1214 3155 —
1244 3113 1311 3172 We
1336 3113 1429 3172 baben
1452 3113 1515 3172 tier
1538 3112 1587 3172 dia

271 3206 332 3266 Art
358 3209 408 3268 dee
435 3209 541 3269 Kallas
565 3229 663 3284 percu
692 3215 744 3271 wie
771 3215 815 3272 tei
842 3213 943 3273 Aescb.
962 3213 1033 3272 Hae.
1052 3203 1206 3292 205ffi4),
1238 3228 1281 3270 wo
1308 3215 1378 3270 stott
1403 3210 1456 3270 der
1485 3209 1587 3270 esser

273 3309 379 3381 σημεῖα
402 3325 442 3365 aa
465 3308 521 3367 dea
543 3308 669 3369 Alttrcn
691 3313 801 3385 steberq
824 3311 880 3370 dae
905 3311 988 3371 Wort
1009 3311 1097 3370 selbot
1117 3311 1192 3369 218.
1237 3307 1395 3382 Aeschylos
1417 3309 1469 3368 sar
1490 3308 1585 3366 dieses

271 3401 416 3478 Sarropot
437 3404 490 3464 der
509 3405 702 3468 Gottcrbilder
720 3411 766 3469 cla
784 3409 1034 3468 cbarohemstiecb
1051 3409 1105 3479 fiir
1122 3408 1169 3466 die
1188 3407 1287 3466 Urseit
1304 3405 1498 3479 erapsundera·
1521 3421 1585 3464 was

272 3519 304 3558 er
325 3503 468 3570 achildert,
491 3505 531 3562 ist
552 3508 615 3564 eine
637 3501 731 3585 ἀγορὰ
753 3504 875 3586 ἐφορία,
899 3506 940 3565 do
962 3525 1003 3565 on
1025 3507 1077 3564 der
1099 3496 1217 3564 Kese?
1262 3503 1306 3562 Ol.
1330 3505 1421 3562 etiam
1445 3523 1522 3579 quae
1545 3501 1583 3561 de

271 3601 369 3674 prisco
387 3619 469 3660 more
484 3599 558 3674 Διὸς
571 3603 704 3681 Κτησίου
724 3608 829 3682 σημεῖα
848 3603 993 3664 condendi
1012 3623 1047 3664 ar
1061 3602 1221 3662 Autoolide
1236 3593 1359 3684 (Athen.
1373 3599 1415 3660 IX
1434 3621 1463 3678 p.
1479 3593 1581 3682 4730)

271 3697 362 3755 aaran
386 3717 415 3774 p.
436 3699 509 3759 ara.

360 3938 428 3994 128.
461 3939 539 3995 Stolo
562 3942 709 3997 marmoris
732 3941 791 3997 albi
819 3959 883 3997 oum
906 3943 1002 4008 dente,
1029 3943 1145 3998 inventa
1167 3941 1305 3996 Therae.
1343 3940 1414 3995 Edd.
1434 3939 1582 4012 Goettling

270 4019 346 4072 Ball.
362 4019 422 4074 dell.
438 4021 507 4076 last.
522 4024 595 4077 arch.
617 4027 683 4076 1841
704 4042 732 4093 p.
747 4028 790 4086 5⁷,
809 4023 880 4078 Roas
900 4025 974 4078 Ana.
990 4023 1051 4079 dell.
1066 4026 1135 4079 Inot.
1151 4021 1215 4077 XIII
1233 4024 1325 4092 (1841)
1343 4039 1371 4091 p.
1387 4027 1419 4075 21
1440 4025 1486 4090 (=
1496 4023 1579 4078 Aret.

269 4099 351 4164 Auso.
366 4099 392 4152 11
410 4117 436 4169 p.
453 4105 578 4172 41919),
597 4102 710 4158 Boeclrh
729 4104 805 4160 016
822 4104 848 4158 11
867 4104 931 4158 add
947 4103 1042 4172 14651,
1061 4103 1198 4174 Rangabe
1217 4103 1283 4158 Aut.
1298 4101 1371 4158 Heli.
1387 4106 1450 4170 896,
1468 4101 1580 4157 Dittan-

358 4334 384 4400 1)
411 4331 576 4401 plerumque
594 4333 625 4388 in
643 4333 754 4406 legibus
772 4353 824 4405 pro
842 4337 959 4392 δεῖπνον
973 4335 1077 4392 dicitur
1089 4333 1219 4406 τράπεζα,
1238 4351 1290 4389 neo
1304 4350 1369 4388 vero
1383 4333 1488 4387 desunt
1500 4333 1579 4387 illiue

267 4410 343 4464 vocis
362 4412 498 4482 exempla,
518 4415 554 4473 of.
574 4430 597 4469 e.
607 4433 634 4486 g.
651 4417 747 4472 BGH
760 4416 863 4472 XXVII
881 4435 908 4486 p.
924 4423 957 4470 11
976 4417 1007 4471 in
1024 4415 1109 4471 titulo
1124 4414 1326 4471 Stratonicensi
1345 4414 1382 4468 ad
1397 4413 1492 4468 Iovem
1505 4413 1578 4468 Pan·

268 4490 406 4544 amatium
425 4495 585 4562 pertinente
604 4495 751 4552 ἀπέδωκεν
768 4495 846 4570 πάσῃ
863 4498 933 4569 τύχῃ
951 4496 987 4551 τὰ
1004 4495 1213 4568 &recentiora
1230 4499 1263 4570 τᾷ
1281 4499 1343 4569 θεῷ
1361 4494 1498 4567 sschaem.

356 4583 383 4648 1)
411 4581 592 4638 simulacrum
610 4584 689 4640 velut
706 4585 907 4656 anaglyphum,
926 4603 981 4654 quo
1000 4585 1030 4640 di
1048 4583 1182 4656 Ἀγορήιοι
1199 4583 1493 4656 repraesentabantur,
1510 4583 1578 4650 dici,

267 4659 342 4727 quod
361 4660 430 4716 item
448 4662 482 4716 Η.
500 4665 657 4734 proposuit,
676 4665 736 4720 veri
755 4665 892 4722 dissimile
911 4666 1043 4736 equidem
1062 4667 1141 4722 duco.

356 4753 383 4820 3)
411 4753 488 4822 apud
505 4753 645 4809 Hillerum
664 4755 731 4823 (Dic
748 4757 824 4811 Iasel
845 4757 936 4812 Thero
954 4775 981 4826 p.
997 4762 1049 4811 111
1067 4757 1124 4811 not.
1142 4759 1193 4826 17).

356 4834 383 4900 4)
410 4828 467 4887 τίν’
493 4830 544 4890 οὖν
572 4833 709 4904 κικλήσκω
736 4838 824 4892 τῶνδε
852 4835 996 4906 δαιμόνων
1019 4837 1072 4905 ἔτας
1101 4869 1133 4878 -
1161 4835 1216 4905 ὁρῶ
1243 4831 1374 4904 τρίαιναν
1401 4832 1498 4904 τήνδε,
1527 4850 1577 4904 orp-

266 4919 345 4981 μεῖον
361 4915 442 4969 θεοῦ.
