3434 5464
616 368 814 424 untalans
832 388 860 424 n.
877 375 927 424 129
1362 371 1425 436 321

114 543 282 600 meniornm
306 539 545 600 voluntariorum
572 538 730 598 redeuntes
758 537 899 598 collocari
921 538 1062 599 iubentur
1088 537 1173 620 χωρὶ
1200 547 1254 599 τοῦ
1281 537 1428 620 &quipoe-

115 635 208 716 μένου
236 635 266 710 ές
294 635 345 710 τὰς
371 637 481 710 θυσίας
508 641 572 708 ταῖς
598 657 628 696 τε
650 635 792 709 Μούσαις
819 633 869 696 καὶ
898 641 960 708 τοῖς
983 636 1076 718 ἥρωσι
1102 635 1177 697 κατὰ
1199 635 1253 696 τὰν
1277 637 1429 715 ‹landriaco›

116 739 147 795 et
170 735 316 811 quodibi
338 737 475 814 pergitur
497 731 708 815 ἀφαιρούντων
732 730 764 794 δὲ
786 731 837 793 καὶ
854 733 1089 814 ουλλογευτυιόν,
1112 734 1152 814 μὴ
1176 739 1277 796 πλεῖον
1296 736 1429 817 δραχμᾶν

116 831 287 912 δεκαπέντε,
315 835 362 894 vel
390 834 429 892 ad
456 837 617 893 conventus
646 835 676 892 et
703 833 833 892 convivii
862 851 1003 908 expensas
1031 835 1193 910 epimenios
1222 837 1349 912 pecunia
1377 835 1427 893 ad·

116 935 197 992 intes
229 950 292 992 esse
325 931 512 1000 addiscimus.
557 931 665 1008 Itaque
696 931 738 990 50
766 930 927 1006 drachmis,
960 931 996 990 de
1028 931 1135 1007 quibus
1163 932 1300 1010 deinceps
1329 934 1382 992 col.
1402 932 1430 989 V

117 1031 282 1106 v.15sqq.
311 1031 424 1110 agitem,
457 1033 543 1090 unice
574 1031 725 1108 impensae
758 1031 919 1089 conventus
952 1033 1021 1104 post
1052 1029 1230 1090 sacrificium
1262 1030 1429 1090 celebrandi

117 1129 296 1203 efficiuntur,
316 1128 352 1187 de
368 1146 426 1204 quo
441 1130 597 1203 conventu,
616 1146 682 1187 cnm
702 1129 843 1204 epimenii
860 1131 1016 1203 tamquam
1029 1127 1154 1205 hospitii
1167 1147 1289 1189 munere
1303 1129 1428 1207 fungan-

116 1231 176 1301 tur,
199 1227 322 1286 verbum
346 1224 482 1305 δέχεσθαι
501 1229 664 1301 usurpatur
684 1218 734 1308 (cf.
754 1228 926 1286 testamenti
946 1224 1153 1286 Diomedontis
1176 1246 1204 1284 n.
1227 1227 1324 1286 144ss
1344 1247 1370 1286 v.
1387 1228 1427 1286 26

118 1329 149 1384 et
177 1343 253 1402 quae
280 1323 324 1382 ibi
352 1317 517 1405 adnotavi).
564 1323 701 1400 Denique
729 1343 763 1383 ox
793 1323 849 1382 hac
871 1343 1028 1382 munerum
1056 1325 1271 1400 epimeniornm
1293 1327 1429 1384 volunta-

117 1424 232 1482 riorum
255 1423 528 1498 circumscriptione
551 1422 760 1498 explicandum
783 1422 901 1481 videtur
924 1425 1115 1498 praeceptum
1135 1421 1248 1484 col.VI
1267 1425 1431 1500 v.19sqq.‚

120 1521 199 1598 quod
221 1521 318 1597 primo
342 1520 450 1580 obtutu
473 1522 546 1580 satis
569 1521 680 1578 mirum
699 1520 820 1580 Boecklr
842 1519 887 1579 ita
910 1521 989 1580 recte
1012 1521 1227 1597 interpretatus
1251 1523 1310 1580 est:
1336 1517 1431 1596 ‘prac-

119 1621 234 1693 cipite,
267 1636 333 1678 cum
364 1619 539 1678 voluntariis
570 1616 738 1697 έιιιμηνίοις
769 1619 910 1691 aurificii
936 1620 1084 1692 impressae
1111 1635 1172 1678 noc
1198 1620 1346 1679 iniunctae
1372 1621 1433 1679 sict

119 1717 193 1791 (cdd.
212 1718 234 1776 Ι
238 1717 365 1792 Vecta),
392 1721 426 1776 ut
447 1719 480 1776 ιἰι
501 1719 670 1776 voluntario
692 1714 859 1799 ἐπιμηνιεέμ
883 1717 1064 1790 episscplccs,
1092 1719 1143 1790 qui
1171 1721 1232 1776 tum
1254 1719 1434 1790 sacrificem

119 1819 224 1891 offerre
242 1817 330 1890 debet,
353 1817 424 1874 locet
439 1816 492 1874 lzoc
510 1816 689 1888 somficiccm
706 1815 881 1888 redonptcri
904 1817 937 1884 ct,
957 1819 1065 1887 quanto
1079 1817 1174 1888 pretio
1193 1816 1318 1874 locatum
1335 1817 1434 1890 fcerit,

118 1914 153 1973 id
169 1915 300 1988 pretium
322 1915 416 1972 solvat
438 1909 586 1992 ἀρτυιήρ.’
634 1911 774 1972 (laterum
799 1911 901 1971 eodem
924 1912 981 1972 hoc
1004 1915 1163 1990 praecepto
1186 1910 1352 1989 έιιιοσέφου
1375 1915 1394 1971 i.
1410 1933 1434 1972 e.

121 2008 268 2087 έιιισόφου
296 2029 417 2085 munus,
450 2011 529 2087 quod
557 2010 678 2070 aliunde
706 2010 802 2071 adhuc
829 2029 890 2069 non
917 2011 1063 2086 innotuit,
1096 2011 1187 2087 paulo
1214 2015 1316 2070 tamen
1343 2011 1434 2071 latius

120 2112 224 2186 patere
253 2128 342 2184 quam
371 2106 561 2189 γραμματέως
589 2112 619 2167 et
646 2105 863 2188 ἀντιγραφέως,
897 2109 1073 2185 quibuscum
1100 2109 1220 2169 Boeckh
1249 2112 1436 2186 comparavit

120 2209 283 2284 respiciens
298 2209 400 2284 aperte
414 2209 575 2284 praecepta
589 2207 643 2266 col.
654 2206 698 2264 VI
712 2226 739 2265 v.
752 2207 872 2282 25sqq,
887 2207 1015 2284 apparet
1029 2199 1079 2278 (cf.
1089 2209 1179 2267 etiam
1191 2206 1235 2266 VI
1249 2227 1276 2266 v.
1288 2200 1434 2288 22-24).

118 2298 261 2384 Ἀριυιήρ
285 2307 387 2365 autem
410 2304 479 2364 huic
502 2304 623 2382 quidem
641 2304 800 2364 conventui
818 2304 898 2363 haud
917 2304 1005 2364 dubie
1024 2305 1103 2364 idem
1121 2305 1183 2364 fere
1202 2324 1237 2364 ac
1255 2304 1360 2383 ταμίας
1379 2309 1432 2366 cst.

211 2411 316 2472 Restat
334 2418 369 2472 ut
387 2412 423 2472 de
442 2412 594 2472 sacrificiis
613 2411 696 2488 ipsis,
714 2413 873 2488 praecipue
891 2412 927 2471 do
946 2411 1044 2470 verbis
1064 2411 1170 2492 ἱερεῖον
1188 2409 1238 2470 καὶ
1258 2411 1321 2490 ἱερά
1338 2431 1434 2488 pauca

122 2510 244 2569 addam:
273 2509 379 2588 ἱερεῖον
401 2511 451 2570 hic
478 2511 555 2570 sicut
577 2531 605 2568 n.
627 2511 667 2569 85
693 2529 779 2568 ovem
806 2509 974 2587 significare
997 2509 1073 2568 nihil
1097 2509 1184 2569 video
1212 2527 1265 2568 cur
1287 2513 1436 2587 putemus,

121 2609 214 2668 immo
246 2627 337 2685 quam
368 2609 523 2668 victimam
555 2608 689 2682 afferant,
721 2607 846 2666 arbitrio
879 2607 1095 2683 cpimcniorum
1127 2608 1321 2684 permittitur,
1354 2608 1437 2668 velut

123 2707 215 2766 etiam
243 2708 275 2765 in
298 2706 504 2766 Diomedontis
528 2706 582 2767 (loi
610 2707 646 2765 de
669 2705 799 2765 victimis
830 2705 997 2782 praeceptis
1019 2707 1066 2764 ter
1088 2707 1258 2764 coniunctio
1281 2701 1301 2782 ἦ
1324 2707 1438 2784 legitur

123 2797 291 2887 (n.144A
314 2825 341 2864 v.
363 2797 498 2886 27sqq.).
548 2804 614 2862 Iam
641 2804 763 2863 additur
789 2802 865 2884 ἱεράς
898 2823 957 2880 qna
984 2822 1056 2863 voce
1086 2805 1203 2880 saepius
1231 2807 1348 2864 minora
1375 2805 1438 2878 illa,

124 2921 201 2979 quae
226 2903 264 2962 ad
287 2901 465 2963 sacrificium
489 2921 563 2980 opus
587 2905 681 2976 erant,
704 2902 789 2961 velut
811 2902 927 2980 lignum
949 2901 1009 2960 mel
1030 2900 1142 2960 molam
1165 2901 1264 2960 oleum
1287 2901 1346 2962 dici
1369 2921 1438 2963 con·

123 2993 232 3078 stad),
259 2999 314 3060 hoo
336 3003 439 3060 tamen
461 3000 526 3060 loco
550 3019 610 3059 non
633 3001 693 3060 dici
716 3000 764 3059 vel
787 3000 877 3059 verbo
901 2995 1014 3076 θυέτω,
1042 2998 1120 3059 unde
1143 2997 1207 3078 ἱερά
1234 3000 1358 3076 pendet,
1386 3020 1438 3078 ap·

124 3103 224 3176 paret3
255 3097 347 3159 immo
379 3099 452 3159 haec
484 3095 547 3179 ἱερὰ
574 3097 672 3158 verbis
704 3096 895 3174 sequentibus
927 3088 1078 3178 έλλύταςέ)
1106 3095 1138 3156 έιι
1166 3105 1270 3176 πυρῶν
1300 3098 1438 3177 χοινίιιων

124 3193 210 3256 πέντε
233 3194 283 3255 καὶ
301 3204 393 3275 τυροῦ
412 3203 548 3274 ταπυροῦ
570 3204 712 3277 σταιῆρος
730 3196 924 3255 definiuntur:
948 3196 1104 3273 placentae
1121 3195 1216 3274 igitur
1233 3196 1440 3274 significentur

125 3297 246 3372 praeter
267 3295 422 3354 victimam
445 3294 663 3354 sacrificandae.
701 3292 782 3363 Quae
805 3294 961 3371 placentae
982 3293 1088 3353 confici
1104 3293 1245 3353 iubentur
1267 3299 1348 3362 carto
1366 3314 1438 3373 pon-

125 3393 196 3452 dere
220 3393 251 3452 et
272 3393 368 3452 tritici
391 3396 421 3452 et
444 3393 535 3467 casei3
566 3392 658 3452 verba
685 3391 764 3451 enim
791 3399 882 3471 τυροῦ
905 3399 1041 3470 canopeo
1070 3400 1212 3472 στατῆρας
1234 3410 1294 3452 non
1316 3395 1440 3452 tertium

125 3490 305 3551 sacrificium
323 3489 500 3569 significare,
518 3492 553 3549 ut
571 3490 706 3568 plerique
725 3492 831 3567 putare
850 3488 997 3562 videntur,
1015 3489 1068 3548 sed
1085 3491 1190 3549 referri
1208 3489 1246 3548 ad
1263 3490 1440 3551 antecedens

125 3587 247 3661 έλλύτας
274 3591 430 3668 genetivus
457 3591 490 3648 ni
516 3589 606 3648 fallor
634 3589 712 3648 clarc
739 3580 895 3669 indicat.⁸)
942 3586 1000 3646 Sed
1027 3587 1118 3664 paulo
1140 3587 1221 3647 infra
1247 3607 1355 3648 nomen
1378 3588 1441 3668 ἱερά

127 3686 239 3746 alieri
262 3687 322 3746 dici
344 3705 464 3746 moneo:
488 3687 579 3746 verba
602 3686 681 3746 enim
703 3685 852 3764 καρπώοει
869 3683 906 3744 τὰ
924 3683 956 3745 έιι
975 3693 1028 3745 τοῦ
1051 3684 1159 3764 ἱερείου
1183 3683 1359 3764 νομιζόμενα
1378 3685 1441 3767 ἱερά

126 3783 164 3843 de
184 3785 321 3860 partibus
339 3785 456 3845 hostiae
474 3784 520 3844 dis
535 3783 742 3843 comburendis
761 3787 864 3860 aperte
883 3775 1063 3864 dicuntur-⁹),
1082 3783 1278 3860 similiterque
1292 3783 1337 3842 VI
1355 3805 1382 3846 v.
1400 3785 1439 3844 18

127 3878 146 3941 ὁ
169 3879 201 3943 δέ
223 3879 353 3962 ἀριυτὴρ
377 3882 470 3943 διελεῖ
486 3879 522 3942 τὰ
545 3879 608 3961 ἱερὰ
631 3886 693 3954 τοῖς
715 3889 863 3961 ιιαριιοῦω
886 3881 922 3940 de
946 3881 1083 3959 partibus
1106 3881 1262 3942 sodalium.

218 4132 567 4203 aspamam

219 4223 245 4291 7)
274 4221 309 4276 de
332 4222 386 4276 hoc
403 4222 598 4291 placentarum
619 4237 722 4292 genere
745 4221 780 4276 cf.
800 4225 912 4292 praeter
934 4221 1056 4291 glossam
1076 4221 1211 4292 Hesychii
1230 4221 1352 4292 έλλύιης·
1373 4225 1442 4276 τλα-

127 4309 197 4364 ιιοῦς
213 4321 265 4370 τις,
283 4317 369 4371 quam
388 4302 486 4356 attulit
504 4302 627 4370 Boeoth,
646 4302 733 4357 etiarn
752 4320 778 4356 n.
795 4307 836 4356 71.

220 4393 246 4461 3)
274 4407 310 4447 ne
328 4408 412 4461 quem
430 4393 548 4462 propter
566 4391 736 4447 adiectivum
755 4389 881 4459 ιιαιιυρός
899 4391 1046 4462 scrupulus
1064 4391 1193 4446 invadat:
1213 4391 1345 4446 menduc
1360 4391 1443 4447 nimi·

128 4488 192 4524 mm
216 4469 273 4526 fuit
291 4486 389 4526 cneus
407 4471 548 4540 tritusque
578 4489 641 4526 cnm
668 4471 761 4526 lamna
789 4487 822 4526 ac
844 4471 919 4526 lacte
942 4472 1115 4539 miscendus,
1143 4489 1200 4541 qua
1223 4472 1333 4526 ratione
1356 4471 1442 4527 etiam

129 4553 270 4606 nostrates
288 4555 434 4606 metonae
458 4552 597 4621 coquendi
620 4552 810 4622 peritissimae
828 4552 871 4606 uti
890 4551 982 4607 solent
1000 4551 1035 4606 cf.
1056 4569 1079 4607 e.
1089 4569 1116 4622 g.
1132 4551 1248 4606 Davidia
1268 4551 1444 4608 Koctbuct”
1488 4569 1492 4576 ·

128 4649 157 4701 p.
174 4636 226 4686 340
245 4648 271 4685 n.
287 4636 321 4686 33
340 4631 541 4700 Kcecacslaes
555 4664 590 4673 -
610 4665 642 4673 -
662 4665 697 4674 -
716 4637 733 4688 5
753 4633 874 4702 Edldffel
890 4634 1048 4704 parasceven
1067 4633 1142 4688 dec
1164 4634 1372 4704 irpeadcoelctcr
1389 4635 1444 4689 Art

130 4713 296 4779 (troctcac
315 4713 414 4768 Reate
431 4714 601 4780 eortrcffls'ct
618 4729 655 4768 ιν
674 4713 829 4782 toreuticen),
848 4714 990 4768 υιιυιίοιέιι
1007 4714 1057 4767 alec
1075 4719 1121 4768 ιιι.

222 4803 247 4872 9)
270 4802 387 4857 verbnm
405 4800 520 4870 καρπέω
539 4801 569 4856 in
588 4803 672 4858 rebus
690 4802 777 4858 sacris
796 4802 850 4856 hac
866 4801 894 4855 ri
914 4802 971 4857 dici
985 4818 1042 4856 non
1061 4801 1151 4856 solum
1167 4802 1202 4857 dc
1216 4800 1355 4856 fructibus
1370 4817 1444 4856 com-

130 4879 273 4950 burendis,
293 4882 343 4936 aad
363 4883 450 4936 etiam
469 4883 504 4938 dc
524 4882 655 4938 carnibus
674 4885 791 4952 totaque
809 4882 906 4936 hostia
924 4883 1023 4937 notum
1041 4885 1097 4949 est,
1117 4881 1151 4936 cf.
1166 4899 1193 4934 n.
1207 4886 1258 4935 173
1277 4900 1301 4935 v.
1317 4887 1342 4950 3,
1365 4881 1446 4935 Prott

131 4961 216 5017 Facu
233 4980 260 5015 n.
276 4968 292 5016 5
310 4981 335 5016 r.
351 4968 384 5017 33
409 4963 565 5035 ιι]αριιῶντι
587 4965 639 5033 sta
661 4964 711 5035 μὲν
734 4973 830 5034 χοῖρον
850 4964 898 5018 καὶ
917 4963 952 5017 τὰ
971 4955 1116 5034 σπλάγχνα
1135 4962 1182 5018 ἐπὶ
1199 4970 1250 5016 τοῦ
1273 4963 1368 5033 βωμοῦ
1387 4963 1443 5016 acl·

185 5061 258 5112 Ιιοςοι
272 5060 351 5104 (draca
361 5062 444 5103 Sacrae
458 5063 492 5104 sd.
503 5061 619 5104 zlehen.
1197 5056 1230 5104 21
