3426 5462
285 324 327 388 66
803 323 916 378 Lacus
936 323 1074 378 SACRAE

289 493 413 568 πολίεια,
437 513 497 553 nou
518 490 645 553 Διπόλια
668 493 769 567 luisse,
791 492 822 552 id
846 492 923 570 quod
938 493 1154 572 Wackernagel
1172 493 1286 570 primus
1310 497 1417 554 statuit
1436 488 1487 576 (of.
1501 516 1529 557 n.
1546 496 1608 555 9A

282 612 309 651 v.
331 583 397 673 18),
421 591 619 651 confirmatur.
666 590 819 660 Quomodo
847 595 1036 651 enuntiatum
1063 593 1222 652 relativum
1245 592 1445 670 supplendum
1471 595 1519 668 sit,
1542 595 1604 653 du·

281 690 375 766 hium3
400 691 532 768 cogitavi
555 690 591 748 de
609 687 657 750 λιολ
676 683 903 769 Διπολιε[ίοισιν
926 687 962 749 τὰ
980 688 1136 766 Βουφόνια
1155 683 1321 772 δρῶσιν].8)
1359 691 1418 751 Sed
1436 693 1527 752 etiam
1547 711 1604 752 ac-

282 791 436 849 cusativus
459 789 613 848 Acanthio
636 787 755 847 defendi
777 793 885 864 potest.

371 887 468 946 Partis
492 889 624 963 posticae
648 887 673 944 B
697 887 769 946 fasti
793 907 827 947 eo
851 888 1016 965 singulares
1047 891 1125 962 sunt,
1153 887 1287 962 quodie
1310 890 1348 947 iis
1373 889 1484 949 diversi
1505 909 1603 965 pecu-

244 985 246 991 '
281 987 400 1044 niarum
418 985 505 1044 fundi
524 985 762 1062 distinguuntur:
782 983 816 1044 τὰ
834 983 908 1044 κατὰ
926 993 1017 1063 μῆνα,
1036 983 1071 1044 τὰ
1090 985 1314 1063 φυλοβασιλιιιά,
1334 986 1411 1046 unde
1429 987 1465 1045 de
1484 992 1603 1046 nahnra

281 1085 427 1142 fastorum
450 1102 541 1160 supra
565 1087 766 1142 coniecturam
790 1084 857 1158 feci,
879 1081 915 1142 τὰ
937 1082 977 1162 μὴ
1002 1083 1088 1163 ῥητῆι
1106 1085 1126 1142 i.
1142 1103 1165 1141 e.
1186 1101 1238 1142 eae
1256 1087 1411 1160 pecuniae,
1435 1103 1512 1160 quae
1530 1105 1601 1145 non

280 1182 319 1240 ad
343 1186 438 1241 certas
462 1187 492 1241 et
515 1187 609 1241 statas
632 1200 680 1240 res
702 1180 821 1240 divinas
844 1185 1037 1259 seponuntur.

369 1301 397 1340 v.
418 1281 435 1338 5
462 1271 600 1360 Ἐρεχθεῖ
616 1272 740 1360 Ἀρνὲως
762 1283 797 1339 ut
821 1280 918 1340 adhuc
939 1280 1107 1359 legebatur,
1131 1281 1218 1340 nihili
1241 1285 1299 1356 est3
1323 1301 1431 1340 nomen
1452 1281 1601 1342 victimae

280 1379 373 1438 latere
409 1378 653 1454 scribendumque
681 1398 744 1438 esse
771 1375 883 1460 ίίρνεως
910 1381 928 1437 i.
948 1397 972 1438 e.
996 1378 1130 1438 Atticam
1158 1379 1284 1438 formam
1313 1381 1442 1438 nominis
1473 1376 1601 1458 ἀρνειός

279 1478 396 1557 egregie
411 1477 559 1536 intellexit
568 1476 662 1536 Prott.
689 1476 732 1536 of.
743 1497 819 1553 quae
833 1477 869 1536 de
881 1477 1039 1537 Erechthei
1053 1477 1145 1536 sacris
1155 1476 1303 1537 Homerus
1317 1478 1424 1537 tradit:
1439 1479 1464 1536 B
1476 1479 1599 1555 coosq.

537 1609 614 1670 ἔνθα
637 1609 670 1672 δέ
693 1634 744 1689 μιν
767 1611 900 1692 ταύροισι
922 1609 972 1671 καὶ
994 1609 1123 1691 ἀρνειοῖς
1146 1610 1278 1672 ἱλάονται

537 1717 640 1788 ιιοῦροι
661 1702 833 1788 Ἀθηναίων
855 1708 1101 1789 περιτελλομένων
1124 1708 1276 1770 ἐνιαυτῶν.

279 1845 453 1904 Notandum
477 1849 522 1903 est
544 1843 674 1920 pretium
697 1862 747 1903 sex
770 1843 988 1919 drachmarum,
1012 1863 1088 1920 quae
1112 1843 1148 1902 ad
1172 1844 1203 1904 id
1222 1843 1400 1904 sacrfficium
1419 1849 1596 1922 erogantur.

277 1943 313 2000 In
335 1944 458 2000 arietem
477 1941 613 2001 adultum
633 1933 742 2022 (κριός)
761 1943 794 2000 in
812 1943 944 2001 eiusdem
962 1943 1023 2001 fere
1043 1945 1151 2002 aetatis
1169 1942 1256 2002 fastis
1275 1943 1472 2003 Marathoniis
1490 1938 1597 2025 (Prot-t

278 2061 305 2099 n.
327 2031 382 2121 26)
407 2039 561 2118 duodecim
585 2040 742 2100 drachmae
768 2043 1004 2114 constituuntur,
1031 2038 1148 2118 ἀρνειός
1171 2045 1270 2100 autem
1294 2041 1407 2100 animal
1430 2044 1492 2100 iam
1514 2045 1595 2102 satis

278 2137 413 2197 adultum
436 2129 523 2218 esd),
547 2157 605 2197 non
629 2141 707 2198 sicut
725 2135 802 2218 ἀρήν
821 2157 917 2216 agnus
940 2138 1075 2198 tenellus.

366 2256 393 2295 v.
410 2238 450 2294 15
470 2235 599 2295 Kochler
617 2236 769 2313 supplevit
782 2231 956 2316 οίνόπ[τιμ],
975 2237 1026 2296 scd
1045 2240 1113 2314 post
1133 2228 1167 2296 Π
1180 2239 1281 2314 potius
1302 2230 1329 2296 Ε
1350 2241 1494 2314 scriptum
1513 2239 1594 2298 milri

197 2363 201 2371 ·
277 2335 403 2395 uidetur.
451 2333 655 2411 Separandum
679 2337 813 2412 suspicor
836 2335 899 2395 οίνο
923 2355 977 2394 π-.

365 2433 437 2492 Post
459 2453 487 2492 τ.
510 2435 549 2493 18
578 2453 631 2510 per
657 2437 754 2492 totum
783 2432 913 2510 lapidem
941 2433 1021 2492 linea
1050 2433 1130 2492 caelo
1159 2432 1250 2494 ducta
1279 2438 1332 2509 est,
1355 2453 1416 2510 qua
1439 2437 1471 2493 ni
1497 2435 1594 2495 fallor

276 2531 384 2591 divisio
416 2533 564 2607 quaedam
596 2531 679 2591 tituli
711 2531 935 2609 significaretur.
945 2524 983 2613 ¹⁰)
1034 2530 1175 2591 Eiusdem
1208 2535 1324 2610 generis
1352 2533 1463 2593 lineola
1489 2535 1594 2593 minor·

275 2631 354 2688 luter
377 2650 404 2689 v.
426 2632 465 2688 19
491 2633 521 2688 et
546 2633 587 2689 20
597 2631 637 2689 in.
662 2647 724 2689 esse
753 2629 871 2689 videtur
900 2630 976 2689 sicut
1003 2651 1031 2688 n.
1052 2631 1070 2688 8
1095 2651 1121 2689 v.
1145 2633 1184 2688 12
1210 2635 1239 2690 et
1265 2632 1304 2690 15
1330 2633 1412 2690 etin
1437 2631 1492 2710 frg.
1517 2632 1591 2691 sub-

275 2731 377 2787 iuncto
400 2749 428 2787 n.
451 2731 518 2787 16a
541 2747 568 2787 v.
589 2730 609 2786 4
632 2731 662 2786 et
686 2729 714 2787 6.

365 2825 446 2895 Quae
465 2826 513 2886 hio
532 2827 680 2904 leguntur,
699 2827 735 2886 ed
750 2826 897 2886 theoriam
911 2826 1087 2903 Delphicam
1102 2831 1236 2904 spectare
1250 2827 1473 2888 demonstretur
1487 2829 1590 2888 verbis

274 2923 348 2984 κατὰ
371 2923 426 3002 τὴν
450 2918 603 3003 [μαντείαν
626 2923 681 3002 τὴν
704 2916 746 2983 δι’
768 2917 943 3004 ’34]ρματοςτ
967 2926 1002 2984 cf.
1023 2924 1120 2984 Strab.
1139 2925 1182 2984 IX
1201 2928 1266 2985 404
1289 2933 1342 2985 τοῦ
1361 2919 1510 3004 ’Ἅρματος
1531 2936 1590 2987 τοῦ

274 3021 347 3082 ιιατὰ
370 3021 425 3100 τὴν
445 3015 589 3101 Ἀττικήν,
618 3021 635 3082 ὅ
658 3020 717 3082 ἐστι
739 3021 806 3103 περὶ
831 3021 946 3102 Φυλήν,
975 3024 1071 3102 δῆμον
1099 3032 1151 3102 τῆς
1171 3015 1303 3103 Ἀττικῆς
1331 3023 1441 3103 ὅμορον
1465 3035 1501 3109 τῇ
1528 3028 1589 3084 Τα-

275 3121 382 3203 νάγρᾳ,
405 3119 547 3181 ἐντεῦθεν
570 3118 602 3181 δὲ
625 3117 644 3198 ἡ
668 3121 810 3201 παροιμία
834 3120 888 3199 τὴν
911 3119 1005 3202 ἀρχὴν
1028 3119 1109 3200 ἔσχεν
1128 3117 1148 3199 ἡ
1167 3119 1292 3202 λέγουσα
1316 3118 1439 3182 ’ὁπόταν
1460 3117 1500 3182 δι’
1513 3116 1589 3203 ’Ἀρ-

275 3239 364 3296 ματος
388 3215 548 3302 ἀστράψῃ’,
575 3217 729 3300 ἀστραπήν
751 3211 1061 3300 τιναῖσημειουμένων
1083 3218 1156 3279 κατὰ
1180 3219 1311 3300 χρησμὸν
1335 3229 1394 3280 τῶν
1418 3219 1587 3302 λεγομένων

275 3319 469 3395 Πυθαϊστῶν,
492 3318 660 3396 βλεπόντων
683 3314 723 3388 ὡς
746 3316 793 3377 ἐπὶ
816 3317 848 3378 τὸ
863 3313 961 3399 Ἅρμα
983 3315 1033 3376 καὶ
1055 3316 1117 3377 τότε
1140 3318 1318 3396 πεμπόντων
1335 3317 1390 3396 τὴν
1408 3320 1522 3379 θυσίαν
1539 3320 1587 3393 εἰς

273 3415 421 3495 Δελφοὺς,
445 3415 515 3476 ὅταν
533 3413 726 3495 ἀστράψαντα
744 3415 860 3476 ἴδωσιν·
884 3415 1010 3495 ἐτήρουν
1028 3411 1056 3474 d'
1078 3413 1125 3476 ἐπὶ
1143 3421 1220 3496 τρεῖς
1238 3426 1345 3496 μῆνας,
1368 3412 1442 3478 καθ’
1461 3415 1588 3478 ἕκαστον

273 3523 354 3592 μῆνα
377 3512 425 3574 ε’πλ
447 3518 523 3594 τρεῖς
546 3510 657 3593 ἡμέρας
679 3513 729 3575 ιιαλ
751 3513 874 3592 νύκτας,
902 3511 959 3573 ἀπὸ
983 3521 1035 3592 τῆς
1058 3512 1181 3594 ἐσχάρας
1204 3523 1257 3575 τοῦ
1278 3510 1474 3596 Ἀστραπαίου
1497 3515 1587 3589 Διός·

273 3611 332 3672 ἔστι
355 3605 383 3671 d’
409 3612 484 3690 αὕτη
508 3611 540 3672 ἐν
563 3613 601 3695 τῷ
622 3613 706 3694 τείχει
729 3611 836 3691 μεταξὺ
858 3619 911 3672 τοῦ
936 3611 1060 3672 Πυθίου
1083 3611 1208 3673 καὶτοῦ
1233 3607 1395 3692 Ὀλυμπίου
1420 3609 1471 3698 (cf.
1491 3617 1586 3675 etiam

272 3710 342 3770 Hes.
362 3730 383 3770 s.
399 3732 427 3770 v.
445 3708 601 3790 ἀστράπτει
625 3704 665 3771 δι’
686 3710 815 3790 ίίρματος
838 3713 869 3770 et
892 3712 981 3770 schol.
1007 3711 1095 3788 Soph.
1115 3709 1149 3770 Ο.
1170 3711 1200 3770 (l.
1222 3706 1332 3794 1047).
1356 3746 1400 3754 -
1422 3713 1488 3774 Iam
1512 3733 1586 3775 vero

273 3828 348 3884 quae
381 3810 417 3868 de
448 3812 515 3886 ipsu
543 3829 652 3886 pompa
663 3802 701 3891 ¹¹)
732 3809 970 3886 praecipiuntur,
1002 3810 1178 3889 gravissima
1206 3815 1283 3870 sunt.
1329 3811 1433 3889 Ignem
1465 3813 1497 3870 in
1527 3816 1585 3870 tri-

271 3908 347 3982 pode
380 3925 464 3967 sacro
501 3928 519 3966 e
555 3907 721 3984 Pythaistis
757 3907 881 3983 Delphis
914 3908 1047 3967 Athenas
1081 3913 1320 3984 transportatum
1357 3929 1419 3970 esse
1456 3914 1585 3986 constat,

361 4116 387 4183 8)
409 4113 444 4168 ef.
464 4131 487 4168 o.
498 4133 524 4184 g.
540 4114 604 4169 Hes.
621 4132 642 4168 ε.
652 4133 676 4169 v.
697 4115 809 4185 βούτης·
831 4146 862 4154 -
879 4146 911 4154 -
927 4116 974 4168 καλ
994 4114 1009 4169 d
1028 4123 1086 4177 τοῖς
1100 4113 1272 4178 Λιπολιείοις
1290 4114 1325 4168 τὰ
1339 4114 1481 4186 βουφόνια
1494 4118 1584 4184 δρῶν.

360 4198 386 4264 9)
406 4193 475 4249 Poll.
487 4193 537 4247 VH
553 4199 605 4248 184
624 4193 652 4248 αλ
672 4195 821 4266 προβάτων
839 4193 956 4266 ἡλικίαι·
976 4195 1025 4250 τὸν
1043 4194 1094 4265 μὲν
1109 4196 1166 4250 ἀπὸ
1186 4203 1270 4264 γονῆς
1289 4195 1379 4259 εἴποις
1400 4193 1436 4250 ἂν
1454 4193 1585 4268 μοσχίον,

270 4275 319 4329 τὸν
339 4271 367 4328 δ’
389 4271 524 4330 ἐσθίοντα
544 4275 630 4343 ἄρνα,
655 4269 714 4329 εἶτα
738 4273 836 4345 ἀμνόν,
856 4271 916 4330 εἶτα
935 4275 1051 4344 ἀρνειὸν
1071 4274 1102 4338 ὃς
1120 4278 1168 4331 καλ
1186 4276 1259 4346 ἀρὴν
1277 4275 1355 4344 παρὰ
1373 4285 1433 4339 τοῖς
1450 4286 1586 4346 ποιηταῖς

270 4358 404 4424 καλεῖται,
426 4351 485 4410 εἶτα
504 4357 725 4426 λειπογνώμονος
750 4355 784 4432 cf.
804 4356 865 4410 latr.
881 4374 925 4426 ap.
940 4355 1018 4410 Eust.
1035 4357 1071 4410 ad
1091 4357 1142 4412 Od.
1158 4378 1168 4411 ι
1182 4361 1234 4410 239
1253 4375 1280 4426 p.
1297 4361 1374 4412 1627.

343 4441 386 4506 10)
410 4439 555 4506 praeterea
573 4437 602 4489 in
621 4440 701 4507 parte
720 4437 794 4490 infra
812 4436 884 4491 hane
903 4437 1007 4491 lineam
1026 4438 1131 4508 scripta
1149 4437 1261 4492 litterae
1280 4455 1335 4492 nou
1355 4438 1411 4492 iam
1431 4437 1584 4509 στοιχησόν

270 4517 423 4586 dispositae
442 4519 520 4582 sunt,
544 4517 618 4571 unde
637 4521 730 4572 tamen
749 4522 900 4587 praecepta
918 4521 1016 4588 postea
1034 4519 1147 4573 demum
1166 4519 1265 4572 addita
1283 4533 1343 4572 esse
1362 4535 1428 4572 eave
1447 4517 1583 4588 colligas3

270 4597 368 4650 cadem
387 4597 462 4651 enim
481 4616 565 4651 manu
584 4597 733 4652 manifesto
752 4615 784 4652 ac
804 4599 948 4668 superiora
966 4603 1117 4669 praecepta
1135 4598 1272 4668 inscripta
1290 4601 1363 4652 suut.

342 4681 385 4746 11)
409 4678 443 4731 da
467 4695 570 4748 pompa
593 4679 640 4749 agi
657 4678 773 4733 verbum
793 4677 911 4733 ἕπεσθαι
931 4679 1063 4733 declarat.
1101 4678 1141 4732 cf.
1162 4679 1197 4733 de
1220 4678 1330 4732 theoria
1347 4679 1484 4749 Delphica
1502 4697 1582 4735 nune

269 4759 419 4828 praecipue
438 4757 518 4812 Golia
532 4760 618 4814 ΒΘΗ
633 4757 683 4811 XX
701 4777 728 4828 p.
745 4764 795 4812 639
802 4776 861 4828 sqq.
877 4761 906 4813 et
923 4759 1014 4813 XXIII
1031 4778 1058 4830 p.
1075 4766 1182 4829 85eqq.,
1203 4760 1238 4813 de
1257 4759 1413 4828 Pythaistis
1430 4764 1583 4830 praeterea

269 4837 399 4908 Toepffer
417 4841 531 4893 Ηαναω
549 4838 638 4892 XXIII
656 4858 682 4908 p.
699 4845 749 4893 322
761 4857 834 4908 sqq.;
863 4841 998 4910 plurimos
1022 4857 1116 4894 corum
1136 4857 1151 4894 e
1176 4839 1304 4910 patriciis
1328 4839 1431 4894 electos
1455 4857 1514 4894 esse
1534 4841 1582 4895 in-

268 4919 350 4974 terim
368 4919 549 4990 inscriptione
568 4920 650 4992 Syll.2
665 4926 714 4973 orl
736 4923 811 4975 certo
830 4922 973 4990 cognitum
994 4925 1044 4988 est,
