3424 5462
233 298 298 363 206
751 297 866 352 LEGES
886 297 1026 352 SACRAE

286 485 315 527 τι
335 465 375 543 μὴ
395 465 521 542 ποιήεηι
540 463 560 541 ἡ
580 463 662 543 ἀρχὴ
682 463 701 542 ἡ
722 461 889 548 αἱρελθεῑεα
907 467 973 528 τῶν
992 463 1222 543 γεγραμμένων
1237 462 1272 527 ἐν
1287 467 1344 528 τῶι
1364 465 1544 544 ψηφίσματι

233 570 305 649 toi]
337 571 367 636 οἱ
396 566 559 656 ἱεξζράρχαι
589 571 608 649 ἢ
639 570 658 635 ὁ
689 572 862 645 εαλλογεὺε
892 570 910 648 ἢ
942 569 961 633 ὁ
991 570 1116 649 ταμίαε,
1149 569 1259 648 ἔνοχοι
1292 567 1457 656 ἔετωεανΙ
1484 579 1543 650 τῶι

286 677 367 742 κατὰ
399 677 457 741 τὸν
489 681 546 756 τῆε
578 675 761 757 οἰκονομία(
785 678 886 755 νόμωι
920 677 964 742 ὼε
995 674 1245 761 κατεβλαφόΙτεε
1274 677 1331 742 τὰε
1361 679 1544 757 προσόδου(

286 787 344 849 τοῦ
368 787 453 849 θεοῦ.

874 914 910 972 Β.

373 1033 471 1098 Τάδε
505 1035 694 1111 ευνεκόπη
726 1038 801 1098 τῶν
830 1033 1083 1113 ἀναθημάτων
1104 1032 1108 1118 λ
1128 1034 1223 1098 κατὰ
1249 1034 1291 1099 τὸ
1321 1035 1496 1114 ψήφισμα
1523 1035 1543 1098 ὃ

287 1139 431 1220 ἔγραψε
459 1140 617 1220 Πίργηε·
646 1138 651 1225 Ι
681 1141 865 1221 Λυεάνδραε
892 1145 1025 1217 κανοῦν,
1059 1140 1137 1220 ὁλκὴ
1168 1135 1451 1206 ΗΡΔΔΔλλ-λ·
1478 1141 1482 1223 Ι
1512 1148 1544 1205 et

285 1251 346 1311 iam
369 1255 534 1328 sequuntur
557 1253 682 1313 donaria
705 1254 883 1312 nominatim
905 1255 1078 1330 perscripta.

321 1413 539 1492 Argumentum
558 1413 668 1474 decreti
687 1413 733 1472 111
752 1432 777 1473 a.
794 1411 860 1472 Chr.
875 1434 902 1471 n.
918 1414 1036 1472 saeculo
1057 1414 1195 1490 inscripti
1213 1414 1364 1490 persimile
1383 1417 1428 1472 est
1446 1413 1544 1474 Attici

233 1511 268 1570 de
280 1511 394 1571 'Herois
414 1511 522 1571 Medici
544 1514 625 1574 vasis
648 1512 795 1588 corruptis
819 1510 930 1571 decreti
948 1531 975 1590 n.
992 1513 1044 1587 38,
1066 1513 1126 1572 nisi
1148 1511 1228 1588 quod
1248 1512 1297 1571 hie
1320 1513 1412 1570 etiam
1429 1513 1543 1570 meiere

233 1609 392 1688 diligentia
415 1609 452 1668 de
475 1611 602 1687 singulis
624 1610 712 1670 rebus
735 1613 864 1670 cavetur.
912 1610 1036 1671 Summa
1059 1615 1159 1670 autem
1183 1612 1245 1670 eius
1270 1611 1341 1670 baec
1365 1613 1422 1670 est:
1445 1609 1543 1668 labem

232 1708 365 1766 fecerant
379 1707 556 1784 Amphiarai
574 1709 718 1767 nonnulla
737 1708 862 1767 donaria
880 1710 1023 1786 argentea
1042 1711 1072 1767 et
1090 1707 1193 1785 phiala
1211 1727 1310 1782 aurea,
1329 1726 1389 1784 qua
1407 1707 1543 1767 sacerdos

232 1805 356 1880 libabat,
374 1806 529 1881 praeterea
548 1799 750 1876 taeduerat
769 1805 883 1864 nummi
902 1806 1021 1882 aliaque
1041 1808 1216 1865 ornamenta
1235 1825 1325 1866 aurea
1344 1808 1375 1865 et
1394 1809 1544 1884 argentee,

233 1923 309 1979 quae
333 1903 464 1962 donariis
483 1903 521 1962 ad
540 1905 685 1980 parietem
704 1904 858 1964 collocatis
876 1903 967 1963 affixa
985 1895 1140 1984 fileranffl)
1177 1904 1261 1974 Quae
1280 1923 1346 1963 cum
1370 1903 1415 1964 ita
1437 1907 1543 1978 essent

233 1999 338 2078 Oropii
356 2003 417 2060 tres
436 2003 515 2060 viros
535 1993 637 2083 (ἄρχῆε
661 2023 688 2062 v.
706 2003 755 2060 18.
776 2005 826 2062 28.
847 1994 903 2082 48)
923 2004 1112 2076 creaveram,
1134 2003 1187 2078 qui
1205 2021 1293 2078 opere
1312 2001 1410 2061 locato
1429 2019 1445 2060 e
1464 2003 1543 2061 vasis

233 2101 381 2178 argenteis
405 2118 449 2174 ea,
473 2119 549 2176 quaa
573 2100 654 2159 refici
671 2104 820 2176 poterant,
843 2099 1010 2174 reficienda,
1032 2099 1150 2176 reliqua
1168 2119 1230 2159 une
1248 2119 1315 2159 cum
1334 2101 1439 2160 ceteris
1458 2118 1543 2159 orna·

233 2197 340 2257 mentis
360 2201 508 2276 argenteis
527 2199 683 2258 conflanda
701 2216 838 2275 novaque
852 2217 925 2258 vasa
944 2198 1125 2258 conficienda
1142 2201 1274 2274 itemque
1293 2199 1422 2257 evetere
1442 2197 1543 2274 phiala

232 2297 407 2374 reliquoque
431 2315 504 2357 auro
532 2315 641 2357 novam
667 2297 801 2373 phialam
825 2315 946 2355 auream
970 2297 1155 2370 conflandam
1179 2287 1364 2377 curarent⁶);
1393 2297 1545 2372 impensas

233 2397 333 2454 autem
360 2394 404 2453 rei
432 2413 467 2453 ex
495 2397 610 2454 aerario
638 2412 722 2454 sacro
750 2412 797 2470 ac,
831 2394 856 2454 si
884 2395 915 2454 id
944 2394 1093 2468 deficeret,
1126 2393 1218 2454 etiam
1240 2415 1256 2453 e
1278 2394 1398 2470 publico
1426 2387 1544 2474 εολνίῗ),

232 2493 355 2553 nomina
377 2492 504 2569 deniqne
528 2512 638 2568 eorum,
663 2495 714 2568 qui
738 2493 809 2552 olim
833 2492 958 2553 donaria
980 2493 1035 2553 illa
1058 2492 1252 2567 dedicessent,
1275 2495 1436 2552 memoriae
1455 2510 1543 2553 eausa

232 2593 264 2650 in
287 2591 363 2652 stela
386 2590 479 2650 incidi
504 2593 665 2650 iusserunt.
710 2591 773 2651 Neo
800 2593 901 2650 tamen
925 2611 989 2650 eam
1014 2611 1076 2651 rem
1103 2595 1164 2650 tres
1187 2589 1245 2650 vin·
1268 2591 1325 2652 soli
1352 2595 1544 2666 curaverunt3

150 2719 153 2725 ·
233 2687 421 2767 quorundam
444 2692 676 2767 magistratuum
700 2708 791 2766 opera
810 2707 910 2748 carere
929 2690 1049 2749 omnino
1069 2708 1127 2749 non
1147 2690 1301 2766 poterant:
1324 2688 1356 2749 οἱ
1372 2681 1544 2770 ιἐρᾶρχαιῧ),

233 2807 299 2848 cum
323 2805 425 2846 curam
453 2788 646 2848 donariorum
673 2787 826 2865 baberent,
858 2805 931 2846 vasa
958 2790 988 2846 et
1017 2783 1118 2865 ἄσημα
1146 2787 1215 2864 illa,
1247 2806 1324 2864 quae
1351 2787 1544 2847 asservabant

233 2880 275 2967 (v.
296 2887 324 2944 8.
350 2878 416 2967 16),
448 2885 566 2945 tradere
597 2886 791 2962 tabulamque
824 2885 1012 2973 donariorum
1043 2885 1186 2946 conficere
1218 2885 1396 2960 debueruut3
1428 2884 1543 2945 aerario

233 3003 317 3044 sacro
348 2989 487 3060 praeerat
518 2981 534 3045 d
567 2983 739 3064 συλλογεύς,
777 2985 829 3059 qui
860 2984 1033 3044 thesaurum
1070 2983 1188 3060 aperuit
1225 2987 1255 3043 et
1286 2983 1355 3042 inde
1387 2986 1543 3060 pecuniam

233 3082 393 3157 prompsit3
417 3084 531 3142 aerario
555 3082 687 3160 publico,
715 3100 774 3158 quo
797 3082 850 3140 illo
874 3081 1027 3142 deficiente
1050 3080 1259 3141 recurrendum
1287 3083 1364 3154 erat,
1393 3078 1544 3159 ὁταμίας.

305 3279 332 3346 4)
360 3277 427 3332 inde
450 3279 525 3346 quod
543 3296 569 3332 v.
585 3284 683 3347 ltsqq.
708 3279 739 3334 τὸ
768 3275 890 3348 νόμισμα
917 3278 948 3333 τὸ
978 3278 1154 3342 incantante
1176 3281 1205 3332 et
1227 3278 1262 3332 τὰ
1281 3275 1381 3348 χρυσία
1400 3279 1431 3333 τὸ
1451 3278 1545 3346 ἄσημα

233 3359 407 3427 separantur,
427 3357 520 3428 ἄσημα
539 3357 598 3426 illa,
618 3375 690 3428 quae
710 3377 733 3414 ιι.
749 3365 765 3413 8
785 3361 814 3413 et
833 3364 866 3413 16
886 3360 1147 3426 commemorantur,
1166 3358 1241 3412 inter
1258 3357 1293 3412 τὰ
1311 3355 1476 3412 πεπτωκότα
1495 3357 1544 3411 ha·

233 3438 327 3492 banda
349 3455 406 3492 non
430 3455 489 3493 esee
514 3456 580 3493 cave
603 3439 734 3510 colligas:
762 3442 901 3509 repugnat
923 3438 1064 3508 particula
1086 3437 1129 3506 τέ,
1157 3454 1214 3506 qua
1232 3443 1288 3492 a?
1311 3437 1433 3508 νόμισμα
1451 3439 1545 3506 ipsum

233 3519 423 3589 superioribus
446 3518 610 3574 πεπτωκότα
635 3519 698 3573 τινά
723 3520 884 3589 appositum
908 3519 1088 3590 coniungitur
1111 3536 1174 3573 cunr
1192 3517 1374 3587 sequentibus
1393 3519 1443 3572 καὶ
1465 3517 1544 3586 ἔτερα

233 3599 339 3670 ἅσημας
364 3603 393 3654 et
415 3599 518 3654 mutati
537 3599 643 3653 ordinis
661 3618 685 3652 v.
703 3605 736 3654 14
755 3615 841 3654 causa
864 3603 962 3668 aperta
986 3602 1040 3664 est;
1064 3599 1111 3652 hic
1129 3599 1205 3654 enim
1224 3614 1269 3666 ea,
1293 3614 1365 3667 quae
1384 3600 1498 3670 ἀριθμῷ
1516 3601 1547 3652 et

233 3696 305 3750 quaa
334 3683 450 3749 σταθμῷ
478 3679 617 3733 tradenda
645 3683 725 3746 aunt,
753 3683 931 3749 separante,
965 3679 1106 3734 numerari
1134 3681 1229 3734 autem
1257 3679 1348 3734 solum
1375 3679 1547 3732 numismata

232 3763 373 3830 poterant,
392 3776 448 3814 non
467 3759 569 3830 ἄσημα,
588 3775 661 3829 quae
680 3759 868 3813 examinanda
886 3763 973 3814 erant.

323 3843 349 3910 t)
378 3856 461 3908 quem
488 3855 595 3894 morem
617 3839 736 3894 Newton
764 3840 869 3909 optime
896 3839 1049 3894 illustravit
1077 3839 1140 3894 coll.
1165 3839 1278 3894 bucian.
1301 3838 1482 3908 Philopseud.
1509 3846 1544 3892 48

233 3921 329 3974 πολλοὶ
348 3919 454 3975 ἔκειντο
474 3920 569 3992 ὀβολοὶ
586 3921 642 3988 πρὸ
660 3928 722 3975 τοῖα
739 3922 842 3974 ποδοῖν
857 3921 944 3974 αὐτοῦ
959 3923 1018 3990 (τοῦ
1033 3919 1212 3989 ἀνδριάντος)
1227 3920 1275 3974 καλ
1294 3919 1363 3972 ἄλλα
1377 3918 1544 3988 νομίσματα,

233 3999 296 4054 ἔνια
320 3999 442 4070 ἀργυρᾶ,
465 4001 535 4068 πρὸς
556 4001 607 4055 τὸν
626 4001 714 4070 μηρὸν
737 4004 813 4071 κηρῷ
835 3999 1035 4068 κεκολλημένα,
1059 4001 1108 4053 καλ
1131 3999 1236 4054 πέταλα
1255 4000 1283 4064 ἐξ
1303 3999 1442 4068 ἀργύρου,
1465 3996 1546 4069 εὐχαί

233 4097 310 4140 τινος
328 4075 345 4147 ἢ
364 4081 466 4149 μισθὸς
484 4081 530 4134 ἐπὶ
548 4089 581 4152 τη
602 4081 681 4136 ἰάσει.
715 4081 842 4134 Eundem
861 4095 968 4134 morem
986 4080 1070 4134 hodie
1089 4096 1200 4149 quoque
1219 4079 1312 4150 vigere
1331 4082 1430 4134 uotum
1449 4083 1499 4134 est.

326 4163 352 4230 6)
380 4176 415 4213 ne
434 4160 491 4215 tale
510 4161 625 4229 quidem
643 4160 728 4215 hodie
746 4160 907 4214 inauditum
925 4163 975 4228 est,
996 4158 1072 4214 velut
1085 4159 1205 4214 Newton
1219 4159 1303 4214 Lesbi
1317 4159 1346 4212 in
1364 4159 1426 4214 vico
1437 4163 1547 4230 Aprem

234 4238 382 4294 ecclesiam
401 4239 427 4294 S.
438 4240 563 4310 Virginis
582 4241 713 4312 cognovit
731 4241 856 4295 donariis
875 4243 904 4295 et
920 4241 1021 4296 votivis
1041 4239 1170 4294 divitem:
1196 4240 1280 4295 ‘these
1298 4255 1346 4294 arc
1361 4240 1546 4310 periodiccllp

235 4322 328 4376 needed
347 4321 441 4388 deum
460 4324 518 4376 aad
535 4329 584 4377 cet
596 4321 631 4388 ef
644 4323 687 4377 tte
701 4319 830 4390 proceeds
842 4321 885 4375 the
901 4323 1000 4389 priests
1018 4321 1052 4388 of
1065 4320 1107 4375 tte
1125 4319 1225 4375 aeret
1242 4320 1342 4374 receive
1360 4337 1379 4374 ιτ
1396 4321 1485 4386 ebore,
1503 4321 1546 4374 tte

233 4408 288 4456 reat
309 4403 388 4471 λείας
412 4403 550 4471 employed
572 4403 692 4458 inemec
708 4401 803 4469 public
819 4401 893 4455 ιοοτλ
915 4402 960 4468 for
980 4403 1021 4456 tte
1039 4401 1136 4467 benedt
1157 4400 1192 4466 of
1211 4399 1253 4455 tte
1275 4400 1450 4469 commenitp.
1492 4399 1546 4453 rae

234 4481 381 4550 opertere,
399 4483 464 4535 scith
482 4482 568 4537 ιολίσλι
586 4482 629 4536 the
644 4482 743 4552 oillope
761 4481 795 4547 of
804 4482 913 4550 Apaeeo
927 4481 952 4534 is
968 4481 1104 4550 cepplied,
1122 4497 1187 4546 ecee,
1205 4481 1222 4533 1
1236 4497 1294 4535 roae
1311 4479 1377 4546 told,
1396 4479 1468 4534 teile
1481 4479 1546 4533 κοτ’λλ

234 4562 276 4615 tte
289 4563 392 4627 scande
410 4563 472 4617 tiene
490 4561 618 4617 obtained
631 4563 749 4634 (Eseape
762 4579 789 4630 p.
802 4560 884 4630 142)st
913 4558 953 4614 ef.
974 4561 1060 4615 etiem
1075 4561 1245 4615 Leuormant
1258 4559 1304 4615 La
1319 4561 1456 4614 Monucie
1475 4559 1547 4614 done

235 4641 399 4711 t’Acriqeire'
416 4659 444 4711 p.
459 4647 493 4696 28
502 4659 562 4711 sqq.

325 4725 351 4788 t)
378 4740 403 4775 v.
420 4727 526 4776 aa-ea
545 4723 587 4776 ita
605 4721 810 4792 intellegendos
829 4737 890 4776 ease
910 4721 1006 4777 docuit
1024 4719 1152 4775 Newton.

324 4805 350 4868 8)
378 4800 409 4855 hi
436 4803 632 4873 magistratus,
657 4801 826 4856 Boeotorum
849 4805 882 4856 ut
904 4803 1016 4856 videtur
1043 4801 1164 4871 proprii,
1191 4817 1255 4856 raro
1283 4803 1444 4866 occummt„
1469 4799 1546 4854 velut

235 4877 364 4948 Thespiis
384 4882 476 4953 (Syw
495 4886 570 4952 752);
590 4883 677 4944 etiam
696 4884 826 4952 catoptae
845 4881 1012 4938 Boeotorum
1031 4881 1138 4951 proprii
1157 4881 1294 4936 videntur.
