3424 5462
248 305 314 370 252
763 302 879 359 LEGES
898 303 1038 358 SACRAE

246 479 355 551 potest.
401 473 446 533 De
471 493 505 532 re
533 492 618 534 saera
640 465 823 554 Apollinis')
851 473 901 551 agi
928 473 997 532 inde
1025 475 1164 550 apparet,
1197 471 1277 548 quod
1304 472 1401 531 multa
1429 472 1458 531 ei
1485 473 1567 533 aedit

248 565 290 654 (v.
311 566 354 655 2).
399 573 465 631 Iam
493 591 560 632 oum
585 572 681 630 altera
704 590 773 647 pars
797 569 835 630 ad
859 590 961 632 euram
984 572 1048 630 fani
1070 571 1233 648 pertineat,
1260 591 1288 629 v.
1308 573 1377 646 laq.
1401 574 1504 630 autem
1528 571 1567 630 de

247 674 313 731 iure
336 670 463 730 iurando
483 670 626 749 exigendo
646 688 741 729 sermo
765 669 814 744 sit,
837 669 936 728 neseio
955 687 994 728 an
1013 669 1049 726 de
1069 668 1189 728 aedituo
1208 667 1358 744 Apollinis
1377 669 1566 728 muneribus·

248 788 306 845 que
334 771 397 828 eius
425 771 547 846 agatur,
580 767 616 827 ol.
641 787 664 827 e.
684 787 711 846 g.
735 769 847 827 n.107
872 786 900 826 v.
921 769 1016 843 6sqq.
1040 765 1091 826 τὸν
1119 763 1151 826 δὲ
1178 760 1357 846 ν[εωκ]όρον
1380 764 1563 844 ἐξορκόνταν

247 861 380 947 taedet]
404 863 444 944 ἤν
466 888 532 925 τινα
556 864 619 942 Idm
641 863 789 926 κόπτοντα
810 868 885 939 κτλ.;
909 865 960 924 sed
983 865 1019 924 ef.
1040 865 1131 923 etiam
1153 885 1181 923 n.
1204 867 1267 924 100
1285 885 1312 924 v.
1331 867 1400 940 4sq.

337 965 459 1038 Eorum,
483 983 559 1039 quae
583 963 619 1022 de
639 981 710 1022 eura
729 963 793 1022 lani
810 963 1045 1038 praecipiuntur,
1068 962 1176 1022 iterum
1201 962 1277 1021 duae
1296 967 1397 1038 partes
1416 962 1563 1042 distingui

246 1067 386 1138 possunt:
413 1061 505 1120 verba
532 1061 639 1140 κείρειν
663 1065 693 1120 et
716 1057 818 1140 φέρειν
840 1061 1030 1136 potissimum
1055 1061 1093 1120 ad
1116 1060 1218 1120 lueum
1246 1079 1364 1120 saerum
1386 1060 1564 1120 violandum

246 1160 421 1239 lignumque
453 1163 485 1218 et
516 1159 627 1218 similia
658 1159 822 1217 auferenda
852 1161 1017 1235 pertinent,
1050 1159 1086 1217 of.
1113 1178 1142 1216 n.
1167 1159 1208 1218 34
1237 1161 1268 1217 et
1296 1177 1374 1234 quae
1399 1157 1444 1217 ibi
1472 1159 1563 1219 attuli

248 1259 391 1333 exempla.
437 1257 485 1315 Ad
508 1257 598 1316 huius
622 1257 705 1315 tituli
727 1256 819 1316 verba
845 1258 979 1332 proxime
1002 1256 1130 1315 Latinae
1153 1256 1228 1333 legis
1251 1256 1287 1314 de
1314 1256 1382 1315 lueo
1406 1255 1567 1332 Spoletina

246 1356 367 1415 initium
391 1354 518 1414 aceedit:
540 1355 628 1414 ίιοκοε
651 1355 762 1414 ίονοοικ
784 1373 820 1414 ne
843 1358 908 1428 quis
931 1355 1058 1414 violotod
1079 1372 1171 1428 nepae
1193 1355 1319 1413 exorbito
1342 1373 1433 1428 nepae
1455 1357 1568 1428 exserto

246 1454 323 1529 quod
341 1455 417 1512 leuci
434 1454 489 1512 siet
505 1471 596 1526 neque
614 1454 705 1512 rodilo
724 1457 772 1512 ete.
808 1453 844 1512 In
863 1453 961 1513 titulis
980 1455 1086 1513 oeteris
1104 1452 1229 1512 verbum
1243 1451 1362 1512 κόπτειν
1376 1472 1431 1529 pro
1444 1453 1563 1532 κείρειν,

249 1551 329 1628 quod
352 1553 386 1610 ni
407 1551 497 1611 fallor
514 1551 606 1627 paulo
629 1551 722 1610 latius
741 1553 834 1627 patet,
857 1552 995 1626 usurpari
1018 1551 1102 1626 solet,
1126 1552 1255 1610 occurrit
1277 1553 1379 1609 tamen
1401 1550 1458 1610 hoo
1482 1553 1563 1628 apud

248 1649 512 1716 Pulvinum:
536 1640 618 1709 νότοι
643 1640 695 1727 (se.
712 1649 908 1726 magistratus
931 1649 1063 1726 quidam,
1087 1667 1214 1724 quorum
1231 1666 1339 1708 nomen
1358 1641 1464 1730 periit)
1487 1669 1563 1728 παρ

247 1746 412 1824 εφόλοττον
437 1745 478 1825 μή
502 1768 545 1818 τις
568 1745 651 1819 ἐντός
673 1755 725 1806 τοῦ
750 1749 936 1826 Πελασγικοῦ
958 1746 1069 1825 κείρει
1091 1742 1111 1823 ἢ
1135 1743 1209 1804 κατὰ
1230 1742 1321 1806 πλέον
1343 1743 1490 1825 ἕξορύττει
1514 1746 1565 1807 καί

248 1850 288 1928 τῷ
311 1841 430 1924 όρχοντι
453 1843 666 1923 παρεδίδοσαν·
690 1842 722 1904 τὸ
746 1840 778 1903 δὲ
800 1843 912 1922 τίμημα
936 1835 974 1922 ἦν
993 1848 1069 1923 τρεῖς
1093 1840 1218 1922 δραχμαί
1236 1840 1420 1904 καὶδιπλοῦν
1439 1844 1472 1904 τὸ
1492 1845 1563 1924 βλά-

248 1944 310 2022 βος,
334 1974 379 1984 -
401 1942 535 2002 Verbum
558 1939 660 2021 φέρειν
683 1942 786 2002 eadem
809 1943 839 2000 vi
868 1943 977 2002 dieitur
999 1963 1027 2001 n.
1049 1944 1091 2001 34
1114 1945 1145 2001 et
1166 1962 1194 2000 n.
1217 1945 1290 2017 107,
1318 1944 1345 2001 si
1372 1942 1460 2001 modo
1482 1948 1567 2004 reete

248 2042 419 2102 litterarum
441 2041 585 2117 reliquias
603 2043 664 2099 v.1
686 2042 900 2116 interpretatus
922 2059 996 2114 sum,
1019 2041 1146 2100 fortasse
1165 2041 1257 2098 etiam
1274 2041 1308 2099 in
1331 2041 1387 2118 lrg.
1406 2043 1470 2100 nd
1490 2061 1517 2100 v.
1534 2044 1562 2102 6.

338 2137 453 2197 Deinde
481 2136 518 2196 de
545 2156 651 2215 peoore
675 2137 858 2214 prohibendo
881 2143 1011 2214 cavetur,
1043 2139 1128 2197 euius
1151 2140 1196 2197 rei
1218 2138 1353 2214 exempla
1377 2137 1416 2197 ad
1438 2139 1562 2200 titulum

249 2236 356 2296 Chium
376 2257 404 2295 n.
421 2240 482 2296 111
504 2235 646 2314 congessi.
683 2236 856 2296 Lectionem
878 2235 996 2315 εἰρείῶν
1013 2239 1034 2295 i.
1045 2255 1068 2294 e.
1084 2235 1278 2312 participium
1295 2235 1414 2296 εἰσελῶν
1434 2255 1451 2295 a
1469 2238 1561 2299 verbo

248 2333 367 2395 εἰσελοίεο
390 2334 559 2394 derivatum
582 2334 725 2393 Wilhelm
748 2335 939 2410 sagacissime
963 2333 1076 2394 duobus
1100 2334 1280 2410 apographis
1304 2335 1486 2411 comparatis
1509 2335 1562 2396 eli·

249 2425 356 2513 euit³):
394 2427 540 2506 ‘Baetrall
562 2433 637 2490 wird
659 2433 711 2491 der
733 2433 806 2491 Hirr
827 2432 907 2491 κίοίιί
927 2451 995 2508 οταν,
1023 2450 1107 2491 worm
1130 2449 1161 2491 er
1185 2432 1270 2491 Tiere
1297 2435 1338 2491 lm
1359 2433 1482 2508 ίιοὶίίρεκ
1504 2435 1565 2493 Br-

247 2532 311 2590 rirk
334 2531 443 2590 woldea
465 2531 545 2598 lc'r'sst,
568 2531 695 2589 eundern
718 2531 814 2604 sebon,
837 2548 921 2590 wenn
944 2539 975 2589 εί
998 2532 1071 2589 belm
1090 2529 1313 2590 Ηόκοεῗοίνοιῗδαι
1331 2535 1445 2604 οιτορρί
1468 2529 1562 2592 wird'

248 2627 342 2703 Adde,
366 2631 438 2705 quia
457 2628 508 2686 ubi
528 2628 623 2686 solum
642 2627 761 2706 βόσκειν
778 2629 907 2687 vetitum
926 2631 1000 2702 erat,
1019 2628 1161 2687 fauillime
1180 2628 1262 2687 loeus
1282 2631 1348 2687 erat
1366 2633 1562 2690 excusationi-

248 2726 304 2786 bus
332 2746 447 2800 eornm,
481 2729 532 2801 qui
559 2745 650 2802 peous
675 2745 692 2784 a
715 2745 745 2786 se
773 2745 826 2802 per
859 2725 962 2784 fenum
990 2729 1089 2785 aetum
1118 2743 1180 2785 esse
1209 2725 1414 2801 concederent,
1441 2732 1563 2803 pastum

250 2841 312 2884 esse
337 2827 490 2901 negarent.

339 3018 389 3074 88.
422 3019 500 3076 Stela
522 3021 668 3074 marmoris
691 3035 716 3075 A.
738 3026 811 3088 1‚10‚
834 3021 852 3075 l.
869 3026 943 3088 0,4o‚
967 3037 1004 3076 or.
1024 3024 1086 3086 0‚10
1109 3025 1251 3074 aetomate
1274 3023 1374 3076 ornata
1396 3021 1513 3076 inventa
1531 3023 1564 3078 ἐκ

250 3098 443 3172 Βαρνπομπίῳ
461 3109 510 3156 τοῦ
530 3099 621 3170 δήμου
631 3101 762 3163 Αὐλῶνος
781 3100 1000 3173 ἐντετοιχισμένη
1015 3097 1203 3174 ἐίαιοτριβείῳ
1218 3110 1270 3154 νῦν
1286 3101 1475 3174 ἠρειπωμένῳ,
1494 3103 1566 3158 inde

250 3179 412 3235 Chalcidem
431 3181 461 3234 in
475 3198 602 3236 museum
616 3180 763 3235 translata.
792 3180 842 3234 Ed.
859 3180 890 3236 G.
902 3183 933 3235 A.
944 3180 1157 3250 Papabaeileios
1169 3178 1312 3253 Ἐφ,Ἀρχ.
1329 3187 1397 3234 1902
1412 3200 1439 3252 p.
1451 3187 1562 3253 9'leqq.‚

250 3261 284 3314 ol'.
305 3263 452 3329 praeterea
470 3261 605 3316 Wilhelm
623 3261 690 3316 ibid.
707 3266 776 3314 1904
794 3280 821 3331 p.
837 3267 870 3315 89
878 3279 937 3330 sqq.
958 3264 987 3315 et
1004 3262 1174 3328 Jabreheso
1188 3260 1253 3316 VIII
1271 3279 1299 3330 p.
1316 3266 1348 3315 13
1359 3279 1400 3331 sq.

831 3405 986 3491 eJeop.

394 3531 575 3611 Ἐξήκεστος
590 3533 763 3610 Διοδώρου
783 3530 884 3596 εἶπεν·
909 3529 1002 3610 trop
1027 3531 1067 3595 dv
1086 3533 1126 3595 τὰ
1141 3529 1328 3616 Ἀμίτεμίρια
1347 3535 1391 3598 ὼε
1410 3533 1566 3599 κάλλιστα

304 3638 433 3718 ἄγωμεν
461 3640 511 3703 καὶ
540 3639 659 3718 esopo
688 3639 732 3703 ὼε
760 3635 956 3724 πίλεῖετοιῑ),
990 3639 1100 3704 ἔδοξεν
1131 3643 1178 3703 τεῑ
1207 3643 1317 3719 βουλεῑ
1343 3642 1394 3704 καὶ
1426 3645 1478 3705 rol
1504 3643 1561 3720 δή·

270 3762 284 3807 ο
306 3764 373 3824 μοι·
395 3743 399 3830 Ι
487 3749 585 3811 τιθεῑν
604 3747 666 3824 τήμ
684 3747 780 3810 πόλιν
800 3745 912 3822 ἀγῶνα
931 3750 1078 3824 μουεικῆε
1098 3745 1163 3810 ἀπὸ
1183 3747 1295 3826 χιλίων
1312 3747 1323 3830 ll
1341 3752 1494 3826 δραχμῶν
1512 3753 1565 3814 τεῖ

304 3853 433 3918 Μεταξὺ
462 3855 512 3917 καὶ
540 3857 588 3917 τεῑ
611 3853 750 3917 Φυλάκει
777 3854 828 3916 καὶ
852 3850 1047 3948 πᾳρξχειίνῆ
1076 3852 1175 3931 ἄρνα(
1205 3858 1253 3918 τεῑ
1276 3855 1340 3932 πρὸ
1363 3859 1429 3918 τῶν
1452 3854 1562 3934 Ἀρτε-

304 3959 416 4038 μιρίων
439 3961 536 4024 πέντε
564 3955 732 4046 suspect,
763 3958 899 4044 rlotrmv
922 3962 959 4024 ot
987 3961 1046 4024 δύο
1076 3960 1238 4039 ἐγκρίτουε
1267 3959 1361 4025 εἶναι·
1390 3959 1501 4041 ἄρχειν
1525 3965 1565 4028 δὲ

304 4070 360 4144 τῆε
384 4064 540 4150 μοίυεικῆε
563 4067 702 4144 τετράδα
725 4067 900 4145 φθίνοντοε
923 4070 982 4131 τοῦ
1005 4065 1282 4152 Ἀνθεετηριίῶνοε
1306 4069 1417 4147 μηνόε,
1442 4071 1501 4147 τὴν
1524 4071 1563 4135 δὲ

339 4279 366 4347 2)
395 4276 444 4345 qui
463 4275 564 4344 Apollo
585 4276 704 4341 dicatur,
724 4279 830 4331 eertum
848 4293 905 4330 non
924 4281 974 4331 eet.
1008 4277 1216 4345 sedquoniam
1230 4279 1338 4332 Alloeri
1356 4294 1445 4348 prope
1458 4276 1563 4348 Tamy-

250 4373 301 4411 nae
320 4357 452 4426 antiquae
471 4357 557 4410 eitum
576 4373 637 4412 esse
655 4357 778 4424 videtur,
803 4356 963 4426 Apollinem
981 4356 1043 4412 illio
1061 4356 1182 4423 cultum,
1206 4357 1252 4411 eui
1274 4359 1418 4427 Ταμόνεια
1437 4359 1565 4414 eelebre-

249 4437 354 4492 bantur
373 4436 487 4508 (Miehel
506 4439 578 4506 897),
598 4437 654 4491 diei
673 4437 859 4507 probabiliter
877 4437 999 4492 coniecit
1019 4437 1103 4492 Wilb.

340 4521 366 4588 3)
394 4517 483 4588 Rang.
504 4516 521 4584 ἤ
540 4519 696 4587 redualdo
715 4517 881 4572 eonieeerat.

340 4655 366 4722 1)
394 4652 465 4706 haee
487 4652 517 4705 in
541 4651 637 4721 lapide
660 4652 767 4722 scripta
790 4667 850 4706 ease
873 4652 974 4706 statuit
993 4651 1051 4717 W.,
1074 4655 1107 4706 ut
1129 4652 1159 4705 in
1178 4651 1299 4707 leetIone
1323 4651 1439 4707 ediboris
1457 4653 1564 4708 morari

251 4749 321 4802 opus
340 4748 397 4786 non
416 4732 459 4785 sit.
497 4730 575 4786 Idem
594 4731 638 4786 W.
659 4734 724 4786 ante
743 4735 835 4786 τιθεῐν
855 4733 925 4785 duas
944 4732 1054 4787 litteras
1074 4747 1168 4786 erasas
1187 4749 1248 4787 esse
1267 4732 1345 4786 dleit.

340 4815 366 4881 2)
390 4811 430 4866 aio
448 4812 520 4882 legit
538 4812 638 4879 editor,
652 4811 738 4866 Wilh.
754 4815 820 4881 post
834 4815 856 4864 ΓΙ
869 4812 1014 4886 εἐλάχιστοι
1032 4811 1120 4881 μόνον
1135 4811 1198 4883 ἴχνη
1213 4811 1395 4883 ypappo'row’
1417 4812 1563 4869 discernit.

341 4897 367 4956 3)
391 4892 439 4959 sie,
459 4909 514 4946 non
533 4891 650 4961 ἡμέραις
670 4892 699 4945 in
718 4891 814 4961 lapide
833 4907 894 4946 esse
913 4893 1014 4948 stabrit
1033 4891 1077 4946 W.
