3434 5464
248 270 315 334 280
772 271 886 328 icens
907 272 1047 328 SAGRAE

246 439 332 514 peld‘
357 441 462 515 pebott
488 442 552 510 bot,
580 442 696 501 dtulioh
723 445 777 501 wie
805 443 849 502 bei
876 461 933 502 aas
959 444 1034 502 noct
1060 445 1197 504 hautein
1224 445 1318 503 oielcn
1342 444 1498 518 eamden
1521 445 1579 506 dic

252 537 446 607 Geldsucoae,
469 538 516 598 dte
538 556 561 599 a.
578 540 615 598 B.
635 541 680 600 bct
705 541 884 614 maumam
911 542 976 600 dem
1001 540 1176 601 θοίοίίίοίιοα
1201 573 1246 583 -
1271 575 1312 584 -
1336 575 1380 583 -
1408 560 1465 602 con
1489 544 1578 602 allero

250 653 290 696 οο
314 637 367 696 der
389 633 479 696 Feter
503 637 746 698 Yetlcebmeoden
766 639 921 712 ‘pespmdet
942 639 1027 712 wird,
1050 639 1124 708 „dos
1143 639 1252 713 Opfcr“
1275 641 1362 713 beisst.
1405 641 1470 700 Wic
1490 641 1578 701 dicse

252 733 416 809 Gebdbrera
434 736 510 795 auch
528 753 612 794 ocean
625 738 667 795 sic
681 738 888 810 ursprrbcplicb
907 737 986 796 uidet
999 737 1063 796 dem
1077 738 1229 812 Beomten,
1247 739 1375 798 οσαδαοα
1392 740 1444 799 der
1457 739 1577 798 Kirctc

250 833 337 892 solbet
362 833 527 908 auqcfottea
553 835 618 893 seio
644 839 759 908 moyen,
786 842 836 900 otc
863 837 910 894 een
937 835 1097 896 utrlslicbes
1126 835 1217 909 Opfcr
1243 837 1369 910 obyelo'st
1395 838 1505 911 boden,
1536 854 1577 896 so

250 931 366 990 werden
388 933 444 990 wir
467 933 542 990 aueo
568 932 644 990 wohl
671 934 704 990 ic
727 933 779 992 der
802 932 947 1006 Inachiist
972 951 1029 992 coa
1050 932 1195 1008 Araorqoa
1218 934 1265 993 dic
1288 935 1494 1009 Beecichnuny
1517 935 1578 994 der

251 1028 399 1089 Droolrm
421 1031 467 1088 ola
490 1027 615 1101 πελανός
637 1031 718 1089 abbi
740 1033 797 1090 eret
820 1030 917 1090 dauon
939 1031 1111 1090 heremodoro
1133 1031 1236 1099 boden,
1260 1031 1322 1104 δοβ
1344 1033 1448 1106 father
1464 1036 1499 1091 in
1518 1034 1577 1092 der

255 1127 311 1186 Tot
333 1129 381 1187 cin
402 1127 513 1187 celeber
536 1127 727 1202 dorpctrocht
745 1121 865 1187 wardo?
903 1128 945 1187 At
963 1127 1039 1187 mihi
1058 1128 1179 1204 quidem
1196 1131 1276 1188 inter
1294 1150 1357 1189 rem
1371 1131 1575 1208 Amorginam

252 1229 284 1285 et
307 1225 476 1302 exemplum
499 1244 514 1284 e
537 1228 640 1284 nostra
668 1227 767 1284 aetate
795 1227 923 1301 petItum
953 1225 1141 1302 aliquantum
1169 1228 1312 1287 interesse
1334 1227 1468 1302 videtur,
1496 1229 1576 1304 qnia

252 1323 398 1382 vocabulo
421 1321 547 1394 πελανός
570 1323 686 1401 origine
709 1326 823 1382 certum
842 1323 993 1399 quoddam
1011 1324 1071 1383 cibi
1090 1323 1286 1401 sacrificiique
1305 1343 1399 1403 genus
1417 1324 1575 1403 significa·

253 1425 313 1495 tur,
335 1420 496 1480 vernaculo
521 1416 587 1480 ‘dos
612 1417 713 1495 Opfcr'
737 1422 783 1480 vis
807 1420 952 1497 quaedam
976 1422 1123 1500 generalis
1146 1423 1232 1499 inest,
1256 1425 1306 1482 cui
1330 1423 1419 1483 facile
1439 1425 1576 1502 pecunia

256 1538 374 1596 quoque
397 1517 499 1580 oblata
522 1518 710 1579 subordinari
733 1521 836 1595 possit.

342 1625 378 1683 V.
400 1627 441 1684 14
474 1623 526 1685 τὸν
553 1621 585 1685 δὲ
613 1624 703 1686 τόκον
731 1623 930 1706 λογεοέτωσαν
957 1623 1007 1686 καί
1030 1635 1135 1687 τοῦτον
1163 1646 1202 1687 sc.
1227 1647 1320 1704 aeque
1348 1632 1439 1705 atque
1463 1647 1576 1690 usuras

252 1723 395 1802 pecuniae
424 1723 461 1783 ab
484 1723 669 1801 Hegesareta
697 1724 833 1784 donatae.
869 1756 908 1766 -
942 1745 969 1784 v.
991 1727 1031 1784 15
1065 1723 1099 1784 τὰ
1123 1721 1154 1785 δὲ
1183 1722 1256 1785 dccc
1286 1724 1359 1786 ίσσω
1382 1736 1435 1805 τῆς
1463 1727 1575 1804 ἱερείας

252 1823 271 1881 i.
287 1843 312 1881 e.
331 1824 363 1880 ni
385 1823 478 1881 fallor
498 1841 547 1896 ea,
579 1841 656 1898 quae
680 1822 761 1882 ultra
784 1821 956 1882 drachmam
980 1843 999 1883 a
1022 1824 1148 1902 siugulis
1171 1826 1278 1900 mystis
1301 1823 1502 1884 solvebantur.
1527 1855 1575 1865 -

253 1941 280 1980 v.
304 1923 343 1980 16
356 1951 398 1960 -
411 1921 450 1979 18
485 1919 563 1982 duee
594 1919 631 1979 de
663 1920 828 1980 sacerdotio
861 1921 1050 1982 condiciones
1083 1921 1242 1980 adduntur.
1288 1919 1421 2000 τίλεσορα
1453 1922 1573 1984 θείοιο.

254 2018 292 2078 ad
315 2020 465 2095 impensas
488 2017 714 2096 inaugurandae
738 2017 900 2078 sacerdotis
927 2023 1008 2079 recte
1035 2011 1213 2100 rettuIIt24)3
1241 2020 1481 2098 inaugurationis
1504 2038 1573 2080 mos

254 2121 411 2194 praeterea
438 2135 454 2175 e
482 2114 670 2178 Chalcedone
693 2109 735 2198 (n.
757 2117 819 2176 196
844 2136 871 2178 v.
892 2119 932 2175 22
957 2121 988 2176 et
1010 2137 1038 2176 n.
1060 2118 1122 2177 197
1147 2138 1174 2176 v.
1197 2111 1252 2198 12)
1283 2121 1314 2176 et
1342 2137 1377 2176 ex
1403 2117 1504 2176 insula
1530 2116 1572 2176 Oc

255 2207 297 2296 (n.
315 2217 377 2274 133
397 2235 424 2272 v.
441 2217 494 2289 20,
520 2216 582 2274 134
601 2234 629 2274 v.
646 2207 681 2294 6)
704 2219 849 2288 notasse,
872 2217 904 2274 in
926 2215 973 2274 his
996 2218 1097 2275 temen
1116 2214 1289 2275 civitatibus
1308 2215 1428 2290 publico
1447 2219 1573 2290 sumptu

253 2313 352 2372 fiebat.
376 2345 419 2354 -
444 2310 515 2374 δέκα
538 2310 601 2392 ίοηε
623 2313 778 2374 rarissima
800 2313 871 2372 talis
894 2316 1037 2389 temporis
1060 2312 1203 2388 definitio,
1228 2316 1281 2372 aut
1298 2315 1379 2372 enim
1397 2332 1498 2372 annua
1517 2315 1573 2372 aut

254 2412 292 2470 ad
316 2413 396 2472 vitae
419 2415 536 2488 tempus
559 2411 726 2470 sacerdotia
749 2429 812 2472 esse
835 2411 984 2471 solebant.

343 2519 472 2595 Reliqua
494 2536 564 2594 pars
594 2518 678 2576 tituli
700 2518 736 2578 de
760 2518 973 2593 epimeniorum
997 2521 1028 2577 et
1051 2521 1251 2578 exetastarum
1274 2517 1395 2590 officiis,
1422 2519 1461 2576 iis
1484 2537 1572 2594 prae-

257 2621 342 2694 cipue
366 2635 443 2693 quae
466 2616 504 2676 ad
527 2615 669 2691 pecunias
690 2615 943 2676 admisistrandas
968 2617 1148 2692 perh'neant,
1171 2615 1283 2691 scripte
1301 2619 1355 2675 est
1392 2615 1463 2692 Ipsa
1482 2615 1571 2674 nimi-

255 2736 321 2775 rum
345 2733 497 2774 sacrorum
520 2731 591 2773 cura
610 2713 648 2773 ab
667 2715 867 2773 exetastarum
885 2716 1044 2789 potestate,
1068 2732 1144 2790 quae
1163 2715 1258 2773 omnis
1276 2715 1308 2772 in
1328 2713 1463 2772 custodia
1480 2732 1570 2789 pecu·

255 2815 323 2873 niae
350 2813 488 2890 publicae
516 2803 713 2892 versatur²⁵),
745 2811 845 2871 aliena
875 2829 966 2888 penes
994 2811 1156 2888 epimenios
1183 2814 1242 2886 est,
1274 2813 1327 2886 qui
1355 2811 1392 2870 ad
1421 2811 1490 2887 ipsa
1516 2811 1571 2869 illa

256 2914 408 2987 creantur3
432 2913 537 2969 contra
559 2911 705 2986 pecuniae
729 2909 856 2969 donatae
880 2908 1100 2968 administratio
1123 2911 1369 2984 interutrosque
1392 2909 1437 2967 ita
1455 2911 1571 2986 partite

257 3014 311 3084 est,
333 3012 369 3069 ut
392 3011 541 3068 exetastae
565 3011 658 3085 caput
679 3009 823 3083 pecuniae
846 3010 945 3084 ipsum
968 3006 1237 3066 administrandum
1260 3025 1294 3065 aa
1318 2997 1570 3086 collocandum²⁶)

257 3110 361 3168 curent
385 3101 426 3188 (v.
447 3107 577 3166 35-37
602 3108 633 3165 et
656 3098 799 3186 39sqq.),
827 3106 969 3181 epimenii
996 3123 1101 3164 usuras
1129 3107 1317 3180 computatas
1340 3104 1389 3162 die
1412 3107 1529 3164 statuta
1551 3122 1571 3161 a

256 3205 440 3266 debitoribus
472 3205 635 3281 accipiant,
667 3205 719 3280 qui
751 3205 853 3262 tamen
885 3205 977 3262 eiiam
1010 3205 1151 3262 exetastis
1183 3202 1388 3262 testimonium
1417 3203 1570 3278 pensionis

257 3295 425 3384 effectae²⁷)
450 3302 563 3362 deferre
586 3302 728 3361 iubentur
753 3293 793 3381 (v.
815 3301 856 3360 56
869 3293 957 3382 sqq.).

347 3411 393 3470 De
417 3410 572 3487 epimeniis
596 3409 634 3468 cl.
653 3410 745 3468 etiam
768 3428 796 3466 n.
819 3409 890 3468 115.

346 3669 397 3726 99.
428 3666 536 3723 Tabula
555 3666 701 3722 marmoris
720 3667 787 3732 albi,
804 3671 918 3736 praeter
935 3666 1091 3737 marginem
1109 3666 1238 3720 dextram
1256 3665 1382 3734 undique
1399 3664 1511 3732 mutila,
1529 3666 1569 3718 in·

259 3753 344 3806 venta
362 3751 392 3804 in
410 3748 504 3804 insula
522 3747 559 3802 Io
579 3747 649 3815 ‘apt
668 3754 718 3815 τῆς
736 3744 847 3802 εἰσόδου
865 3754 915 3813 τῆς
931 3743 1038 3807 πόλεως
1056 3745 1135 3813 παρὰ
1153 3746 1184 3800 τὸ
1203 3747 1324 3817 ἀρχαῖον
1342 3753 1432 3816 τεῖχος
1450 3743 1567 3815 πλησίον

261 3838 307 3899 τῆς
329 3827 476 3900 ἐκκλησίας
499 3825 725 3898 Εὐαγγείισμός)
763 3826 919 3895 Exscripsit
942 3830 971 3881 et
998 3825 1089 3880 edidit
1111 3841 1168 3880 una
1191 3843 1255 3880 cum
1278 3825 1402 3896 imagine
1427 3823 1569 3880 delineata

258 3910 349 3966 Hiller
368 3909 404 3965 de
422 3908 600 3979 Gartringam
619 3925 686 3962 usus
705 3909 792 3962 etiarn
811 3906 919 3961 Schiffii
938 3906 1101 3976 'apographo
1119 3907 1141 3959 1
1144 3907 1170 3960 G
1189 3905 1270 3959 xus
1289 3924 1316 3959 n.
1333 3913 1356 3960 1.

330 4197 375 4265 24)
397 4194 535 4265 pecuniae
554 4195 629 4248 enim
648 4193 684 4248 ad
703 4191 838 4262 mysteria
857 4191 1025 4246 celebranda
1044 4207 1182 4261 expensae
1200 4189 1358 4258 τελεστήρια
1374 4190 1515 4256 dicuntur,
1534 4189 1565 4244 ci.

260 4294 283 4330 e.
298 4295 325 4346 g.
345 4276 440 4331 ΒΘΗ
454 4273 543 4328 XXIII
558 4277 649 4345 (1899)
667 4291 694 4343 p.
710 4277 775 4339 5883
798 4288 895 4327 vocem
916 4270 1045 4339 τίλεστρα
1068 4288 1101 4326 ex
1120 4271 1173 4326 hoc
1198 4270 1283 4325 titulo
1305 4269 1428 4325 feliciter
1445 4270 1568 4325 restituit

263 4357 350 4410 Paton
369 4355 398 4408 in
417 4354 510 4409 titulis
529 4353 592 4409 Cois
612 4357 648 4424 (n.
665 4359 716 4408 199
734 4372 758 4407 v.
775 4358 808 4406 59
828 4355 857 4407 ct
876 4355 945 4422 134).

332 4446 377 4514 25)
405 4443 505 4498 Busolt
523 4443 633 4498 Griech.
651 4444 757 4500 Stoots·
776 4461 804 4496 ο.
819 4442 980 4497 Rechtsult.²
997 4461 1024 4512 p.
1040 4447 1154 4498 49-50.

332 4535 376 4602 26)
404 4531 539 4602 pecunias
558 4547 651 4586 sacras
669 4549 725 4586 non
743 4531 799 4585 nisi
817 4531 924 4600 primae
943 4532 976 4585 ut
990 4549 1040 4586 nos
1055 4531 1174 4585 dicimus
1193 4529 1368 4599 hypothecae
1382 4528 1444 4582 loco
1458 4531 1565 4582 mutuas

262 4612 324 4666 deri
343 4615 376 4681 (v.
392 4614 504 4682 slsqq.)
530 4616 610 4680 nota;
634 4617 757 4668 ceterum
781 4611 817 4667 de
839 4610 956 4665 diversis
974 4610 1197 4681 hypothecarum
1218 4610 1368 4680 generibus
1387 4609 1421 4663 cf.
1442 4608 1565 4663 Dareste

262 4691 595 4748 Hausaoullier·lteinaeh
614 4695 701 4748 Iacer.
719 4693 803 4748 icorc'd.
817 4709 943 4763 praeparas
960 4690 974 4744 Ι
993 4711 1018 4761 p.
1035 4697 1183 4746 108-142.

334 4785 378 4851 27)
406 4781 459 4835 hoc
482 4782 557 4835 enim
580 4782 635 4836 sibi
653 4781 725 4836 velle
743 4800 767 4835 v.
783 4787 817 4836 59
841 4781 1060 4851 ἀποσφράγισμα
1079 4785 1123 4850 (=
1142 4777 1313 4850 ἀντίγραφον
1337 4777 1564 4849 ἐσφραγισμένον)

261 4867 310 4928 τῆς
328 4859 490 4925 ἀποδόσεως
507 4860 567 4915 Del.
584 4862 692 4917 statuit.
