<?xml version="1.0" encoding="UTF-8"?>
<!DOCTYPE html PUBLIC "-//W3C//DTD XHTML 1.0 Transitional//EN"
    "http://www.w3.org/TR/xhtml1/DTD/xhtml1-transitional.dtd">
<html xmlns="http://www.w3.org/1999/xhtml" xml:lang="en" lang="en">
 <head>
  <title>
</title>
<meta http-equiv="Content-Type" content="text/html;charset=utf-8" />
  <meta name='ocr-system' content='tesseract 3.04.00' />
  <meta name='ocr-capabilities' content='ocr_page ocr_carea ocr_par ocr_line ocrx_word'/>
</head>
<body>
  <div class='ocr_page' id='page_1' title='image "./legesgraecorums00ziehgoog_0087.png"; bbox 0 0 3426 5462; ppageno 0'>
   <div class='ocr_carea' id='block_1_1' title="bbox 245 287 1036 350">
    <p class='ocr_par' dir='ltr' id='par_1_1' title="bbox 245 287 1036 350">
     <span class='ocr_line' id='line_1_1' title="bbox 245 287 1036 350; baseline -0.013 0"><span class='ocrx_word' id='word_1_1' title='bbox 245 287 286 350; x_wconf 78' lang='grc'><strong>74</strong></span> <span class='ocrx_word' id='word_1_2' title='bbox 762 287 877 342; x_wconf 83' lang='lat' dir='ltr'><strong>LEGES</strong></span> <span class='ocrx_word' id='word_1_3' title='bbox 896 287 1036 342; x_wconf 82' lang='lat' dir='ltr'><strong>SACRAE</strong></span> 
     </span>
    </p>
   </div>
   <div class='ocr_carea' id='block_1_2' title="bbox 240 455 1556 1716">
    <p class='ocr_par' dir='ltr' id='par_1_2' title="bbox 240 455 1556 1716">
     <span class='ocr_line' id='line_1_2' title="bbox 244 455 1556 542; baseline 0.002 -26"><span class='ocrx_word' id='word_1_4' title='bbox 244 455 400 516; x_wconf 74' lang='lat' dir='ltr'><strong>simultis</strong></span> <span class='ocrx_word' id='word_1_5' title='bbox 426 456 487 517; x_wconf 87' lang='lat' dir='ltr'><strong>illis</strong></span> <span class='ocrx_word' id='word_1_6' title='bbox 512 457 690 536; x_wconf 77' lang='lat' dir='ltr'><strong>anaglyphis</strong></span> <span class='ocrx_word' id='word_1_7' title='bbox 714 456 884 534; x_wconf 83' lang='lat' dir='ltr'><strong>tabulisque</strong></span> <span class='ocrx_word' id='word_1_8' title='bbox 909 459 1028 532; x_wconf 85' lang='lat' dir='ltr'><strong>votivis,</strong></span> <span class='ocrx_word' id='word_1_9' title='bbox 1056 477 1131 534; x_wconf 90' lang='lat' dir='ltr'><strong>quae</strong></span> <span class='ocrx_word' id='word_1_10' title='bbox 1158 460 1190 516; x_wconf 92' lang='lat' dir='ltr'><strong>in</strong></span> <span class='ocrx_word' id='word_1_11' title='bbox 1214 477 1249 516; x_wconf 92' lang='lat' dir='ltr'><strong>eo</strong></span> <span class='ocrx_word' id='word_1_12' title='bbox 1277 457 1346 518; x_wconf 85' lang='lat' dir='ltr'><strong>fano</strong></span> <span class='ocrx_word' id='word_1_13' title='bbox 1369 458 1436 518; x_wconf 84' lang='lat' dir='ltr'><strong>Iovi</strong></span> <span class='ocrx_word' id='word_1_14' title='bbox 1461 458 1556 542; x_wconf 77' lang='grc' dir='ltr'><strong><em>Φιλίῳ</em></strong></span> 
     </span>
     <span class='ocr_line' id='line_1_3' title="bbox 245 547 1554 640; baseline 0.002 -26"><span class='ocrx_word' id='word_1_15' title='bbox 245 559 275 615; x_wconf 89' lang='lat' dir='ltr'><strong>et</strong></span> <span class='ocrx_word' id='word_1_16' title='bbox 293 555 439 640; x_wconf 79' lang='grc' dir='ltr'><strong><em>Μειλιχίιγ</em></strong></span> <span class='ocrx_word' id='word_1_17' title='bbox 458 556 596 617; x_wconf 89' lang='lat' dir='ltr'><strong>dedicata</strong></span> <span class='ocrx_word' id='word_1_18' title='bbox 615 547 749 639; x_wconf 74' lang='lat' dir='ltr'><strong>erant.¹⁷)</strong></span> <span class='ocrx_word' id='word_1_19' title='bbox 784 555 890 632; x_wconf 84' lang='lat' dir='ltr'><strong>Itaque</strong></span> <span class='ocrx_word' id='word_1_20' title='bbox 910 557 1020 617; x_wconf 84' lang='lat' dir='ltr'><strong>inferos</strong></span> <span class='ocrx_word' id='word_1_21' title='bbox 1040 557 1198 616; x_wconf 88' lang='lat' dir='ltr'><strong>daemonas</strong></span> <span class='ocrx_word' id='word_1_22' title='bbox 1217 554 1320 630; x_wconf 82' lang='grc' dir='ltr'><strong><em>Κύνας</em></strong></span> <span class='ocrx_word' id='word_1_23' title='bbox 1336 562 1367 616; x_wconf 88' lang='lat' dir='ltr'><strong>et</strong></span> <span class='ocrx_word' id='word_1_24' title='bbox 1379 554 1554 636; x_wconf 79' lang='grc' dir='ltr'><strong><em>Κυνηγέτας</em></strong></span> 
     </span>
     <span class='ocr_line' id='line_1_4' title="bbox 243 653 1553 733; baseline 0.001 -21"><span class='ocrx_word' id='word_1_25' title='bbox 243 653 302 714; x_wconf 89' lang='lat' dir='ltr'><strong>dici</strong></span> <span class='ocrx_word' id='word_1_26' title='bbox 325 673 498 731; x_wconf 87' lang='lat' dir='ltr'><strong>persuasum</strong></span> <span class='ocrx_word' id='word_1_27' title='bbox 521 654 616 716; x_wconf 89' lang='lat' dir='ltr'><strong>babeo</strong></span> <span class='ocrx_word' id='word_1_28' title='bbox 639 655 735 730; x_wconf 89' lang='lat' dir='ltr'><strong>iisque</strong></span> <span class='ocrx_word' id='word_1_29' title='bbox 766 673 841 732; x_wconf 90' lang='lat' dir='ltr'><strong>quae</strong></span> <span class='ocrx_word' id='word_1_30' title='bbox 865 674 955 732; x_wconf 90' lang='lat' dir='ltr'><strong>supra</strong></span> <span class='ocrx_word' id='word_1_31' title='bbox 979 655 1069 715; x_wconf 85' lang='lat' dir='ltr'><strong>attuli</strong></span> <span class='ocrx_word' id='word_1_32' title='bbox 1092 655 1294 730; x_wconf 72' lang='lat' dir='ltr'><strong>consideratis,</strong></span> <span class='ocrx_word' id='word_1_33' title='bbox 1318 674 1385 714; x_wconf 89' lang='lat' dir='ltr'><strong>eum</strong></span> <span class='ocrx_word' id='word_1_34' title='bbox 1407 655 1463 714; x_wconf 89' lang='lat' dir='ltr'><strong>hac</strong></span> <span class='ocrx_word' id='word_1_35' title='bbox 1485 656 1553 733; x_wconf 86' lang='lat' dir='ltr'><strong>lege</strong></span> 
     </span>
     <span class='ocr_line' id='line_1_5' title="bbox 244 751 1554 833; baseline 0.001 -21"><span class='ocrx_word' id='word_1_36' title='bbox 244 755 275 812; x_wconf 88' lang='lat' dir='ltr'><strong>et</strong></span> <span class='ocrx_word' id='word_1_37' title='bbox 293 752 374 812; x_wconf 83' lang='grc' dir='ltr'><strong><em>Κυσί</em></strong></span> <span class='ocrx_word' id='word_1_38' title='bbox 395 757 425 812; x_wconf 88' lang='lat' dir='ltr'><strong>et</strong></span> <span class='ocrx_word' id='word_1_39' title='bbox 444 751 627 833; x_wconf 72' lang='grc' dir='ltr'><em>Κυνηγέταις</em></span> <span class='ocrx_word' id='word_1_40' title='bbox 650 755 810 829; x_wconf 84' lang='lat' dir='ltr'><strong>separatim</strong></span> <span class='ocrx_word' id='word_1_41' title='bbox 834 753 1024 832; x_wconf 81' lang='grc' dir='ltr'><strong><em>κροθύευθαι</em></strong></span> <span class='ocrx_word' id='word_1_42' title='bbox 1046 753 1195 829; x_wconf 89' lang='lat' dir='ltr'><strong>iubeatur,</strong></span> <span class='ocrx_word' id='word_1_43' title='bbox 1217 755 1249 813; x_wconf 94' lang='lat' dir='ltr'><strong>id</strong></span> <span class='ocrx_word' id='word_1_44' title='bbox 1267 774 1360 813; x_wconf 88' lang='lat' dir='ltr'><strong>unum</strong></span> <span class='ocrx_word' id='word_1_45' title='bbox 1378 753 1554 832; x_wconf 85' lang='lat' dir='ltr'><strong>ambiguum</strong></span> 
     </span>
     <span class='ocr_line' id='line_1_6' title="bbox 243 850 1554 931; baseline 0 -21"><span class='ocrx_word' id='word_1_46' title='bbox 243 855 296 924; x_wconf 90' lang='lat' dir='ltr'><strong>est,</strong></span> <span class='ocrx_word' id='word_1_47' title='bbox 316 870 462 927; x_wconf 88' lang='lat' dir='ltr'><strong>quaenam</strong></span> <span class='ocrx_word' id='word_1_48' title='bbox 478 851 600 911; x_wconf 86' lang='lat' dir='ltr'><strong>numina</strong></span> <span class='ocrx_word' id='word_1_49' title='bbox 614 870 685 911; x_wconf 84' lang='lat' dir='ltr'><strong>voce</strong></span> <span class='ocrx_word' id='word_1_50' title='bbox 700 851 793 929; x_wconf 83' lang='grc' dir='ltr'><strong><em>Κυσί,</em></strong></span> <span class='ocrx_word' id='word_1_51' title='bbox 811 871 957 928; x_wconf 87' lang='lat' dir='ltr'><strong>quaenam</strong></span> <span class='ocrx_word' id='word_1_52' title='bbox 972 871 1043 912; x_wconf 77' lang='lat' dir='ltr'><strong>soce</strong></span> <span class='ocrx_word' id='word_1_53' title='bbox 1057 850 1241 931; x_wconf 80' lang='grc' dir='ltr'><strong><em>Κυνηγέταις</em></strong></span> <span class='ocrx_word' id='word_1_54' title='bbox 1255 852 1417 929; x_wconf 86' lang='lat' dir='ltr'><strong>significari</strong></span> <span class='ocrx_word' id='word_1_55' title='bbox 1431 851 1554 911; x_wconf 86' lang='lat' dir='ltr'><strong>ridean-</strong></span> 
     </span>
     <span class='ocr_line' id='line_1_7' title="bbox 242 943 1553 1028; baseline 0.001 -20"><span class='ocrx_word' id='word_1_56' title='bbox 242 955 300 1008; x_wconf 86' lang='lat' dir='ltr'>tur.</span> <span class='ocrx_word' id='word_1_57' title='bbox 338 951 381 1009; x_wconf 83' lang='lat' dir='ltr'><strong>Ac</strong></span> <span class='ocrx_word' id='word_1_58' title='bbox 404 949 500 1026; x_wconf 85' lang='lat' dir='ltr'><strong>primo</strong></span> <span class='ocrx_word' id='word_1_59' title='bbox 524 951 644 1027; x_wconf 89' lang='lat' dir='ltr'><strong>quidem</strong></span> <span class='ocrx_word' id='word_1_60' title='bbox 668 952 772 1027; x_wconf 85' lang='lat' dir='ltr'><strong>sponte</strong></span> <span class='ocrx_word' id='word_1_61' title='bbox 794 968 825 1010; x_wconf 89' lang='lat' dir='ltr'><strong>ae</strong></span> <span class='ocrx_word' id='word_1_62' title='bbox 846 950 975 1009; x_wconf 86' lang='lat' dir='ltr'><strong>offerunt</strong></span> <span class='ocrx_word' id='word_1_63' title='bbox 991 952 1117 1010; x_wconf 77' lang='lat' dir='ltr'><strong>venator</strong></span> <span class='ocrx_word' id='word_1_64' title='bbox 1133 949 1234 1010; x_wconf 88' lang='lat' dir='ltr'><strong>Hades</strong></span> <span class='ocrx_word' id='word_1_65' title='bbox 1253 954 1283 1010; x_wconf 91' lang='lat' dir='ltr'><strong>et</strong></span> <span class='ocrx_word' id='word_1_66' title='bbox 1298 943 1404 1009; x_wconf 72' lang='lat' dir='ltr'><strong>“Aedos</strong></span> <span class='ocrx_word' id='word_1_67' title='bbox 1423 947 1553 1028; x_wconf 71' lang='grc' dir='ltr'><strong><em>ἄφυκτοι</em></strong></span> 
     </span>
     <span class='ocr_line' id='line_1_8' title="bbox 241 1045 1553 1128; baseline 0.001 -21"><span class='ocrx_word' id='word_1_68' title='bbox 241 1047 338 1126; x_wconf 83' lang='grc' dir='ltr'><em>κύνες,</em></span> <span class='ocrx_word' id='word_1_69' title='bbox 362 1048 496 1126; x_wconf 78' lang='lat' dir='ltr'><strong>Erinyes,</strong></span> <span class='ocrx_word' id='word_1_70' title='bbox 520 1049 570 1108; x_wconf 92' lang='lat' dir='ltr'><strong>sed</strong></span> <span class='ocrx_word' id='word_1_71' title='bbox 595 1048 694 1109; x_wconf 84' lang='lat' dir='ltr'><strong>obstet</strong></span> <span class='ocrx_word' id='word_1_72' title='bbox 717 1048 797 1124; x_wconf 90' lang='lat' dir='ltr'><strong>quod</strong></span> <span class='ocrx_word' id='word_1_73' title='bbox 820 1049 852 1106; x_wconf 89' lang='lat' dir='ltr'><strong>in</strong></span> <span class='ocrx_word' id='word_1_74' title='bbox 874 1049 930 1108; x_wconf 89' lang='lat' dir='ltr'><strong>hac</strong></span> <span class='ocrx_word' id='word_1_75' title='bbox 953 1049 1019 1126; x_wconf 85' lang='lat' dir='ltr'><strong>lege</strong></span> <span class='ocrx_word' id='word_1_76' title='bbox 1040 1047 1076 1108; x_wconf 91' lang='lat' dir='ltr'><strong>de</strong></span> <span class='ocrx_word' id='word_1_77' title='bbox 1094 1049 1229 1126; x_wconf 89' lang='lat' dir='ltr'><strong>pluribus</strong></span> <span class='ocrx_word' id='word_1_78' title='bbox 1247 1045 1423 1128; x_wconf 76' lang='grc' dir='ltr'><strong><em>κυνηγέταις</em></strong></span> <span class='ocrx_word' id='word_1_79' title='bbox 1441 1047 1553 1127; x_wconf 89' lang='lat' dir='ltr'><strong>agitur,</strong></span> 
     </span>
     <span class='ocr_line' id='line_1_9' title="bbox 242 1146 1553 1224; baseline 0 -20"><span class='ocrx_word' id='word_1_80' title='bbox 242 1149 276 1204; x_wconf 90' lang='lat' dir='ltr'><strong>ut</strong></span> <span class='ocrx_word' id='word_1_81' title='bbox 298 1146 330 1222; x_wconf 91' lang='lat' dir='ltr'><strong>ii,</strong></span> <span class='ocrx_word' id='word_1_82' title='bbox 354 1147 405 1222; x_wconf 92' lang='lat' dir='ltr'><strong>qui</strong></span> <span class='ocrx_word' id='word_1_83' title='bbox 429 1165 478 1206; x_wconf 90' lang='lat' dir='ltr'><strong>eos</strong></span> <span class='ocrx_word' id='word_1_84' title='bbox 502 1147 598 1206; x_wconf 90' lang='lat' dir='ltr'><strong>colere</strong></span> <span class='ocrx_word' id='word_1_85' title='bbox 620 1148 824 1222; x_wconf 86' lang='lat' dir='ltr'><strong>instituerunt,</strong></span> <span class='ocrx_word' id='word_1_86' title='bbox 847 1167 948 1224; x_wconf 82' lang='lat' dir='ltr'><strong>regem</strong></span> <span class='ocrx_word' id='word_1_87' title='bbox 969 1147 1130 1206; x_wconf 87' lang='lat' dir='ltr'><strong>inferorum</strong></span> <span class='ocrx_word' id='word_1_88' title='bbox 1154 1147 1334 1206; x_wconf 78' lang='lat' dir='ltr'><strong>intellexisse</strong></span> <span class='ocrx_word' id='word_1_89' title='bbox 1353 1167 1413 1206; x_wconf 93' lang='lat' dir='ltr'><strong>non</strong></span> <span class='ocrx_word' id='word_1_90' title='bbox 1430 1147 1553 1207; x_wconf 85' lang='lat' dir='ltr'><strong>videan-</strong></span> 
     </span>
     <span class='ocr_line' id='line_1_10' title="bbox 241 1243 1553 1326; baseline 0 -22"><span class='ocrx_word' id='word_1_91' title='bbox 241 1249 298 1306; x_wconf 89' lang='lat' dir='ltr'><strong>tur.</strong></span> <span class='ocrx_word' id='word_1_92' title='bbox 331 1244 445 1304; x_wconf 91' lang='lat' dir='ltr'><strong>Iterum</strong></span> <span class='ocrx_word' id='word_1_93' title='bbox 464 1247 491 1305; x_wconf 91' lang='lat' dir='ltr'><strong>si</strong></span> <span class='ocrx_word' id='word_1_94' title='bbox 506 1243 669 1326; x_wconf 76' lang='grc' dir='ltr'><strong><em>κυνηγέτας</em></strong></span> <span class='ocrx_word' id='word_1_95' title='bbox 683 1246 811 1322; x_wconf 84' lang='lat' dir='ltr'><strong>Erinyas</strong></span> <span class='ocrx_word' id='word_1_96' title='bbox 825 1246 1035 1324; x_wconf 70' lang='lat' dir='ltr'><strong>intellegimus,</strong></span> <span class='ocrx_word' id='word_1_97' title='bbox 1055 1248 1107 1323; x_wconf 90' lang='lat' dir='ltr'><strong>qui</strong></span> <span class='ocrx_word' id='word_1_98' title='bbox 1121 1246 1258 1305; x_wconf 86' lang='lat' dir='ltr'><strong>dicontur</strong></span> <span class='ocrx_word' id='word_1_99' title='bbox 1272 1244 1369 1324; x_wconf 82' lang='grc' dir='ltr'><strong><em>κύνες,</em></strong></span> <span class='ocrx_word' id='word_1_100' title='bbox 1384 1245 1553 1321; x_wconf 90' lang='lat' dir='ltr'><strong>obscurum,</strong></span> 
     </span>
     <span class='ocr_line' id='line_1_11' title="bbox 241 1344 1553 1423; baseline 0.001 -22"><span class='ocrx_word' id='word_1_101' title='bbox 241 1344 358 1403; x_wconf 90' lang='lat' dir='ltr'><strong>animae</strong></span> <span class='ocrx_word' id='word_1_102' title='bbox 383 1347 461 1403; x_wconf 84' lang='lat' dir='ltr'><strong>certe</strong></span> <span class='ocrx_word' id='word_1_103' title='bbox 486 1345 694 1404; x_wconf 89' lang='lat' dir='ltr'><strong>defunctorum</strong></span> <span class='ocrx_word' id='word_1_104' title='bbox 713 1363 773 1404; x_wconf 91' lang='lat' dir='ltr'><strong>non</strong></span> <span class='ocrx_word' id='word_1_105' title='bbox 790 1345 926 1422; x_wconf 87' lang='lat' dir='ltr'><strong>intellegi</strong></span> <span class='ocrx_word' id='word_1_106' title='bbox 949 1348 1082 1421; x_wconf 84' lang='lat' dir='ltr'><strong>possunt,</strong></span> <span class='ocrx_word' id='word_1_107' title='bbox 1101 1345 1242 1421; x_wconf 89' lang='lat' dir='ltr'><strong>quoniam</strong></span> <span class='ocrx_word' id='word_1_108' title='bbox 1261 1345 1387 1420; x_wconf 81' lang='lat' dir='ltr'><strong>Erinyes</strong></span> <span class='ocrx_word' id='word_1_109' title='bbox 1406 1363 1465 1404; x_wconf 91' lang='lat' dir='ltr'><strong>non</strong></span> <span class='ocrx_word' id='word_1_110' title='bbox 1487 1347 1553 1423; x_wconf 84' lang='lat' dir='ltr'><strong>agi·</strong></span> 
     </span>
     <span class='ocr_line' id='line_1_12' title="bbox 241 1442 1552 1520; baseline 0.002 -20"><span class='ocrx_word' id='word_1_111' title='bbox 241 1444 309 1501; x_wconf 87' lang='lat' dir='ltr'><strong>tant</strong></span> <span class='ocrx_word' id='word_1_112' title='bbox 328 1442 451 1518; x_wconf 88' lang='lat' dir='ltr'><strong>animas,</strong></span> <span class='ocrx_word' id='word_1_113' title='bbox 474 1443 564 1502; x_wconf 89' lang='lat' dir='ltr'><strong>immo</strong></span> <span class='ocrx_word' id='word_1_114' title='bbox 584 1443 717 1502; x_wconf 82' lang='lat' dir='ltr'><strong>defuncti</strong></span> <span class='ocrx_word' id='word_1_115' title='bbox 739 1443 840 1519; x_wconf 88' lang='lat' dir='ltr'><strong>potins</strong></span> <span class='ocrx_word' id='word_1_116' title='bbox 856 1442 984 1518; x_wconf 87' lang='lat' dir='ltr'><strong>Erinyas</strong></span> <span class='ocrx_word' id='word_1_117' title='bbox 1008 1442 1127 1520; x_wconf 86' lang='lat' dir='ltr'><strong>agitant</strong></span> <span class='ocrx_word' id='word_1_118' title='bbox 1148 1461 1187 1502; x_wconf 86' lang='lat' dir='ltr'><strong>so.</strong></span> <span class='ocrx_word' id='word_1_119' title='bbox 1205 1445 1238 1502; x_wconf 89' lang='lat' dir='ltr'><strong>in</strong></span> <span class='ocrx_word' id='word_1_120' title='bbox 1257 1445 1432 1520; x_wconf 81' lang='lat' dir='ltr'><strong>superstites</strong></span> <span class='ocrx_word' id='word_1_121' title='bbox 1450 1443 1552 1502; x_wconf 89' lang='lat' dir='ltr'><strong>inimi·</strong></span> 
     </span>
     <span class='ocr_line' id='line_1_13' title="bbox 240 1540 1553 1620; baseline 0.002 -20"><span class='ocrx_word' id='word_1_122' title='bbox 240 1559 298 1614; x_wconf 89' lang='lat' dir='ltr'><strong>cos,</strong></span> <span class='ocrx_word' id='word_1_123' title='bbox 327 1544 357 1599; x_wconf 90' lang='lat' dir='ltr'><strong>et</strong></span> <span class='ocrx_word' id='word_1_124' title='bbox 390 1541 485 1600; x_wconf 90' lang='lat' dir='ltr'><strong>elucet</strong></span> <span class='ocrx_word' id='word_1_125' title='bbox 517 1541 587 1600; x_wconf 85' lang='lat' dir='ltr'><strong>talis</strong></span> <span class='ocrx_word' id='word_1_126' title='bbox 615 1541 676 1600; x_wconf 87' lang='lat' dir='ltr'><strong>fere</strong></span> <span class='ocrx_word' id='word_1_127' title='bbox 709 1543 825 1617; x_wconf 89' lang='lat' dir='ltr'><strong>opinio,</strong></span> <span class='ocrx_word' id='word_1_128' title='bbox 854 1543 884 1600; x_wconf 91' lang='lat' dir='ltr'><strong>ni</strong></span> <span class='ocrx_word' id='word_1_129' title='bbox 914 1541 1014 1614; x_wconf 88' lang='lat' dir='ltr'><strong>fallor,</strong></span> <span class='ocrx_word' id='word_1_130' title='bbox 1047 1540 1180 1600; x_wconf 80' lang='lat' dir='ltr'><strong>versibus</strong></span> <span class='ocrx_word' id='word_1_131' title='bbox 1213 1540 1389 1617; x_wconf 84' lang='lat' dir='ltr'><strong>quibusdem</strong></span> <span class='ocrx_word' id='word_1_132' title='bbox 1417 1544 1553 1620; x_wconf 79' lang='lat' dir='ltr'><strong>tragicis,</strong></span> 
     </span>
     <span class='ocr_line' id='line_1_14' title="bbox 241 1639 707 1716; baseline -0.004 -18"><span class='ocrx_word' id='word_1_133' title='bbox 241 1640 415 1715; x_wconf 78' lang='lat' dir='ltr'><strong>praesertim</strong></span> <span class='ocrx_word' id='word_1_134' title='bbox 440 1639 568 1716; x_wconf 80' lang='lat' dir='ltr'><strong>Gboeph.</strong></span> <span class='ocrx_word' id='word_1_135' title='bbox 590 1643 652 1698; x_wconf 85' lang='grc'><strong>017</strong></span> <span class='ocrx_word' id='word_1_136' title='bbox 665 1659 707 1716; x_wconf 88' lang='lat' dir='ltr'><strong>sq.</strong></span> 
     </span>
    </p>
   </div>
   <div class='ocr_carea' id='block_1_3' title="bbox 498 1771 1248 1952">
    <p class='ocr_par' dir='ltr' id='par_1_3' title="bbox 498 1771 1248 1952">
     <span class='ocr_line' id='line_1_15' title="bbox 498 1771 1202 1853; baseline -0.003 -21"><span class='ocrx_word' id='word_1_137' title='bbox 498 1771 566 1852; x_wconf 76' lang='lat' dir='ltr'><strong>don,</strong></span> <span class='ocrx_word' id='word_1_138' title='bbox 590 1773 718 1850; x_wconf 76' lang='grc' dir='ltr'><strong><em>φύλαξαι</em></strong></span> <span class='ocrx_word' id='word_1_139' title='bbox 742 1772 851 1852; x_wconf 83' lang='grc' dir='ltr'><strong><em>μητρὸς</em></strong></span> <span class='ocrx_word' id='word_1_140' title='bbox 873 1771 1012 1853; x_wconf 80' lang='grc' dir='ltr'><strong><em>ἐγκότους</em></strong></span> <span class='ocrx_word' id='word_1_141' title='bbox 1035 1772 1136 1845; x_wconf 84' lang='grc' dir='ltr'><strong><em>κύνας.</em></strong></span> <span class='ocrx_word' id='word_1_142' title='bbox 1167 1807 1202 1813; x_wconf 85' lang='grc'>-</span> 
     </span>
     <span class='ocr_line' id='line_1_16' title="bbox 499 1869 1248 1952; baseline -0.001 -21"><span class='ocrx_word' id='word_1_143' title='bbox 499 1870 548 1944; x_wconf 85' lang='grc' dir='ltr'><strong>τὰς</strong></span> <span class='ocrx_word' id='word_1_144' title='bbox 572 1879 623 1932; x_wconf 87' lang='grc' dir='ltr'><strong>τοῦ</strong></span> <span class='ocrx_word' id='word_1_145' title='bbox 647 1871 756 1951; x_wconf 87' lang='grc' dir='ltr'><strong><em>πατρὸς</em></strong></span> <span class='ocrx_word' id='word_1_146' title='bbox 779 1869 810 1932; x_wconf 78' lang='grc' dir='ltr'><strong>δὲ</strong></span> <span class='ocrx_word' id='word_1_147' title='bbox 834 1880 897 1943; x_wconf 82' lang='grc' dir='ltr'><strong>πῶς</strong></span> <span class='ocrx_word' id='word_1_148' title='bbox 920 1869 1143 1952; x_wconf 55' lang='lat' dir='ltr'><strong>circmcisionis</strong></span> <span class='ocrx_word' id='word_1_149' title='bbox 1166 1871 1248 1944; x_wconf 74' lang='grc' dir='ltr'><strong><em>τάὸες</em></strong></span> 
     </span>
    </p>
   </div>
   <div class='ocr_carea' id='block_1_4' title="bbox 128 2015 1553 2688">
    <p class='ocr_par' dir='ltr' id='par_1_4' title="bbox 128 2015 1553 2688">
     <span class='ocr_line' id='line_1_17' title="bbox 243 2015 1553 2093; baseline 0.002 -20"><span class='ocrx_word' id='word_1_150' title='bbox 243 2015 293 2074; x_wconf 87' lang='lat' dir='ltr'><strong>nbi</strong></span> <span class='ocrx_word' id='word_1_151' title='bbox 323 2017 457 2092; x_wconf 87' lang='lat' dir='ltr'><strong>loquitur</strong></span> <span class='ocrx_word' id='word_1_152' title='bbox 484 2017 573 2093; x_wconf 88' lang='lat' dir='ltr'><strong>poeta</strong></span> <span class='ocrx_word' id='word_1_153' title='bbox 601 2017 687 2092; x_wconf 89' lang='lat' dir='ltr'><strong>quasi</strong></span> <span class='ocrx_word' id='word_1_154' title='bbox 715 2017 746 2074; x_wconf 86' lang='lat' dir='ltr'><strong>et</strong></span> <span class='ocrx_word' id='word_1_155' title='bbox 772 2018 868 2074; x_wconf 89' lang='lat' dir='ltr'><strong>mater</strong></span> <span class='ocrx_word' id='word_1_156' title='bbox 895 2017 925 2075; x_wconf 86' lang='lat' dir='ltr'><strong>et</strong></span> <span class='ocrx_word' id='word_1_157' title='bbox 951 2019 1038 2092; x_wconf 90' lang='lat' dir='ltr'><strong>pater</strong></span> <span class='ocrx_word' id='word_1_158' title='bbox 1064 2034 1132 2076; x_wconf 90' lang='lat' dir='ltr'><strong>snas</strong></span> <span class='ocrx_word' id='word_1_159' title='bbox 1155 2018 1279 2093; x_wconf 89' lang='lat' dir='ltr'><strong>uterque</strong></span> <span class='ocrx_word' id='word_1_160' title='bbox 1308 2035 1395 2076; x_wconf 88' lang='lat' dir='ltr'><strong>canes</strong></span> <span class='ocrx_word' id='word_1_161' title='bbox 1418 2016 1553 2076; x_wconf 87' lang='lat' dir='ltr'><strong>babeant</strong></span> 
     </span>
     <span class='ocr_line' id='line_1_18' title="bbox 241 2114 1551 2192; baseline 0.002 -20"><span class='ocrx_word' id='word_1_162' title='bbox 241 2116 372 2189; x_wconf 86' lang='lat' dir='ltr'><strong>ultrices,</strong></span> <span class='ocrx_word' id='word_1_163' title='bbox 396 2114 524 2192; x_wconf 88' lang='lat' dir='ltr'><strong>Erinyas</strong></span> <span class='ocrx_word' id='word_1_164' title='bbox 544 2115 693 2188; x_wconf 82' lang='lat' dir='ltr'><strong>nimirum,</strong></span> <span class='ocrx_word' id='word_1_165' title='bbox 717 2115 838 2174; x_wconf 80' lang='lat' dir='ltr'><strong>Orestae</strong></span> <span class='ocrx_word' id='word_1_166' title='bbox 862 2135 896 2174; x_wconf 85' lang='lat' dir='ltr'><strong>er</strong></span> <span class='ocrx_word' id='word_1_167' title='bbox 915 2117 1042 2190; x_wconf 85' lang='lat' dir='ltr'><strong>utraque</strong></span> <span class='ocrx_word' id='word_1_168' title='bbox 1063 2117 1148 2192; x_wconf 83' lang='lat' dir='ltr'><strong>parte</strong></span> <span class='ocrx_word' id='word_1_169' title='bbox 1167 2115 1355 2175; x_wconf 85' lang='lat' dir='ltr'><strong>inetuendas:</strong></span> <span class='ocrx_word' id='word_1_170' title='bbox 1378 2131 1474 2175; x_wconf 91' lang='lat' dir='ltr'><strong>nonne</strong></span> <span class='ocrx_word' id='word_1_171' title='bbox 1493 2116 1551 2174; x_wconf 87' lang='lat' dir='ltr'><strong>hoc</strong></span> 
     </span>
     <span class='ocr_line' id='line_1_19' title="bbox 239 2209 1551 2292; baseline 0.001 -21"><span class='ocrx_word' id='word_1_172' title='bbox 239 2215 304 2273; x_wconf 88' lang='lat' dir='ltr'><strong>loco</strong></span> <span class='ocrx_word' id='word_1_173' title='bbox 323 2216 461 2290; x_wconf 87' lang='lat' dir='ltr'><strong>parentes</strong></span> <span class='ocrx_word' id='word_1_174' title='bbox 480 2214 590 2272; x_wconf 89' lang='lat' dir='ltr'><strong>mortui</strong></span> <span class='ocrx_word' id='word_1_175' title='bbox 609 2216 764 2289; x_wconf 87' lang='lat' dir='ltr'><strong>tamqnam</strong></span> <span class='ocrx_word' id='word_1_176' title='bbox 786 2209 945 2292; x_wconf 81' lang='grc' dir='ltr'><strong><em>κυνηγέται</em></strong></span> <span class='ocrx_word' id='word_1_177' title='bbox 963 2213 1124 2291; x_wconf 79' lang='lat' dir='ltr'><strong>fingrmtur,</strong></span> <span class='ocrx_word' id='word_1_178' title='bbox 1143 2214 1245 2290; x_wconf 92' lang='lat' dir='ltr'><strong>quiin</strong></span> <span class='ocrx_word' id='word_1_179' title='bbox 1263 2213 1359 2272; x_wconf 86' lang='lat' dir='ltr'><strong>filium</strong></span> <span class='ocrx_word' id='word_1_180' title='bbox 1378 2233 1464 2274; x_wconf 88' lang='lat' dir='ltr'><strong>conas</strong></span> <span class='ocrx_word' id='word_1_181' title='bbox 1483 2217 1551 2292; x_wconf 89' lang='lat' dir='ltr'><strong>agi·</strong></span> 
     </span>
     <span class='ocr_line' id='line_1_20' title="bbox 128 2305 1550 2392; baseline 0.002 -22"><span class='ocrx_word' id='word_1_182' title='bbox 128 2329 132 2338; x_wconf 87' lang='grc'><strong>’</strong></span> <span class='ocrx_word' id='word_1_183' title='bbox 239 2311 323 2372; x_wconf 77' lang='lat' dir='ltr'><strong>tent?</strong></span> <span class='ocrx_word' id='word_1_184' title='bbox 336 2305 375 2392; x_wconf 79' lang='lat'><strong>¹⁸)</strong></span> <span class='ocrx_word' id='word_1_185' title='bbox 421 2309 498 2381; x_wconf 83' lang='lat' dir='ltr'><strong>Quid</strong></span> <span class='ocrx_word' id='word_1_186' title='bbox 525 2310 640 2392; x_wconf 77' lang='lat' dir='ltr'><strong>igitur?</strong></span> <span class='ocrx_word' id='word_1_187' title='bbox 669 2312 694 2371; x_wconf 91' lang='lat' dir='ltr'><strong>si</strong></span> <span class='ocrx_word' id='word_1_188' title='bbox 722 2313 783 2390; x_wconf 86' lang='lat' dir='ltr'><strong>legi</strong></span> <span class='ocrx_word' id='word_1_189' title='bbox 809 2315 928 2371; x_wconf 83' lang='lat' dir='ltr'><strong>nostrae</strong></span> <span class='ocrx_word' id='word_1_190' title='bbox 956 2311 1059 2370; x_wconf 87' lang='lat' dir='ltr'><strong>eadem</strong></span> <span class='ocrx_word' id='word_1_191' title='bbox 1087 2311 1147 2369; x_wconf 88' lang='lat' dir='ltr'><strong>fere</strong></span> <span class='ocrx_word' id='word_1_192' title='bbox 1174 2311 1281 2389; x_wconf 85' lang='lat' dir='ltr'><strong>religio</strong></span> <span class='ocrx_word' id='word_1_193' title='bbox 1305 2311 1406 2372; x_wconf 90' lang='lat' dir='ltr'><strong>subest</strong></span> <span class='ocrx_word' id='word_1_194' title='bbox 1431 2315 1550 2373; x_wconf 87' lang='lat' dir='ltr'><strong>animas</strong></span> 
     </span>
     <span class='ocr_line' id='line_1_21' title="bbox 238 2407 1549 2489; baseline 0.002 -21"><span class='ocrx_word' id='word_1_195' title='bbox 238 2413 422 2470; x_wconf 89' lang='lat' dir='ltr'><strong>mortuorum</strong></span> <span class='ocrx_word' id='word_1_196' title='bbox 450 2413 603 2487; x_wconf 78' lang='lat' dir='ltr'><strong>tamquam</strong></span> <span class='ocrx_word' id='word_1_197' title='bbox 631 2407 793 2489; x_wconf 84' lang='grc' dir='ltr'><strong><em>κυνηγέτας</em></strong></span> <span class='ocrx_word' id='word_1_198' title='bbox 821 2429 928 2470; x_wconf 91' lang='lat' dir='ltr'><strong>canum</strong></span> <span class='ocrx_word' id='word_1_199' title='bbox 956 2409 1117 2469; x_wconf 89' lang='lat' dir='ltr'><strong>inferarum</strong></span> <span class='ocrx_word' id='word_1_200' title='bbox 1145 2411 1270 2471; x_wconf 78' lang='lat' dir='ltr'><strong>verens?</strong></span> <span class='ocrx_word' id='word_1_201' title='bbox 1314 2413 1358 2470; x_wconf 88' lang='lat' dir='ltr'><strong>Ac</strong></span> <span class='ocrx_word' id='word_1_202' title='bbox 1386 2413 1484 2471; x_wconf 89' lang='lat' dir='ltr'><strong>nescio</strong></span> <span class='ocrx_word' id='word_1_203' title='bbox 1508 2432 1549 2471; x_wconf 87' lang='lat' dir='ltr'><strong>an</strong></span> 
     </span>
     <span class='ocr_line' id='line_1_22' title="bbox 239 2508 1550 2585; baseline 0.001 -17"><span class='ocrx_word' id='word_1_204' title='bbox 239 2508 342 2569; x_wconf 88' lang='lat' dir='ltr'><strong>eadem</strong></span> <span class='ocrx_word' id='word_1_205' title='bbox 365 2508 460 2568; x_wconf 86' lang='lat' dir='ltr'><strong>lateat</strong></span> <span class='ocrx_word' id='word_1_206' title='bbox 483 2509 513 2567; x_wconf 92' lang='lat' dir='ltr'><strong>in</strong></span> <span class='ocrx_word' id='word_1_207' title='bbox 538 2509 700 2568; x_wconf 88' lang='lat' dir='ltr'><strong>notissimis</strong></span> <span class='ocrx_word' id='word_1_208' title='bbox 724 2509 784 2568; x_wconf 87' lang='lat' dir='ltr'><strong>illis</strong></span> <span class='ocrx_word' id='word_1_209' title='bbox 809 2508 986 2585; x_wconf 87' lang='lat' dir='ltr'><strong>anaglyphis</strong></span> <span class='ocrx_word' id='word_1_210' title='bbox 1006 2508 1109 2584; x_wconf 87' lang='lat' dir='ltr'><strong>epulas</strong></span> <span class='ocrx_word' id='word_1_211' title='bbox 1128 2512 1313 2568; x_wconf 87' lang='lat' dir='ltr'><strong>mortuorum</strong></span> <span class='ocrx_word' id='word_1_212' title='bbox 1332 2509 1550 2585; x_wconf 60' lang='lat' dir='ltr'><strong>exhibentibus</strong></span> 
     </span>
     <span class='ocr_line' id='line_1_23' title="bbox 238 2597 1548 2688; baseline 0.002 -23"><span class='ocrx_word' id='word_1_213' title='bbox 238 2610 268 2666; x_wconf 92' lang='lat' dir='ltr'><strong>in</strong></span> <span class='ocrx_word' id='word_1_214' title='bbox 294 2608 401 2684; x_wconf 90' lang='lat' dir='ltr'><strong>quibus</strong></span> <span class='ocrx_word' id='word_1_215' title='bbox 426 2608 507 2667; x_wconf 91' lang='lat' dir='ltr'><strong>canis</strong></span> <span class='ocrx_word' id='word_1_216' title='bbox 530 2608 614 2667; x_wconf 91' lang='lat' dir='ltr'><strong>heroi</strong></span> <span class='ocrx_word' id='word_1_217' title='bbox 637 2608 769 2667; x_wconf 88' lang='lat' dir='ltr'><strong>assidens</strong></span> <span class='ocrx_word' id='word_1_218' title='bbox 792 2597 1085 2688; x_wconf 82' lang='lat' dir='ltr'><strong>repraesentatur.¹⁹)</strong></span> <span class='ocrx_word' id='word_1_219' title='bbox 1106 2638 1148 2646; x_wconf 88' lang='lat'><em>-</em></span> <span class='ocrx_word' id='word_1_220' title='bbox 1172 2606 1253 2665; x_wconf 87' lang='lat' dir='ltr'><strong>Fieri</strong></span> <span class='ocrx_word' id='word_1_221' title='bbox 1276 2625 1346 2666; x_wconf 87' lang='lat' dir='ltr'><strong>sane</strong></span> <span class='ocrx_word' id='word_1_222' title='bbox 1369 2626 1455 2683; x_wconf 89' lang='lat' dir='ltr'><strong>posse</strong></span> <span class='ocrx_word' id='word_1_223' title='bbox 1479 2627 1548 2667; x_wconf 90' lang='lat' dir='ltr'><strong>con·</strong></span> 
     </span>
    </p>
   </div>
   <div class='ocr_carea' id='block_1_5' title="bbox 236 2705 1549 3180">
    <p class='ocr_par' dir='ltr' id='par_1_5' title="bbox 236 2705 1549 3180">
     <span class='ocr_line' id='line_1_24' title="bbox 239 2705 1547 2783; baseline -0.001 -17"><span class='ocrx_word' id='word_1_224' title='bbox 239 2706 324 2782; x_wconf 88' lang='lat' dir='ltr'><strong>cedo,</strong></span> <span class='ocrx_word' id='word_1_225' title='bbox 356 2709 391 2767; x_wconf 88' lang='lat' dir='ltr'><strong>ut</strong></span> <span class='ocrx_word' id='word_1_226' title='bbox 422 2727 517 2767; x_wconf 84' lang='lat' dir='ltr'><strong>errem</strong></span> <span class='ocrx_word' id='word_1_227' title='bbox 550 2727 603 2766; x_wconf 90' lang='lat' dir='ltr'><strong>nec</strong></span> <span class='ocrx_word' id='word_1_228' title='bbox 634 2708 712 2767; x_wconf 87' lang='lat' dir='ltr'><strong>reete</strong></span> <span class='ocrx_word' id='word_1_229' title='bbox 745 2706 827 2766; x_wconf 87' lang='lat' dir='ltr'><strong>corta</strong></span> <span class='ocrx_word' id='word_1_230' title='bbox 858 2707 1013 2764; x_wconf 91' lang='lat' dir='ltr'><strong>numinum</strong></span> <span class='ocrx_word' id='word_1_231' title='bbox 1045 2723 1153 2782; x_wconf 89' lang='lat' dir='ltr'><strong>genera</strong></span> <span class='ocrx_word' id='word_1_232' title='bbox 1183 2723 1217 2764; x_wconf 84' lang='lat' dir='ltr'><strong>ac</strong></span> <span class='ocrx_word' id='word_1_233' title='bbox 1250 2705 1373 2765; x_wconf 85' lang='lat' dir='ltr'><strong>delinita</strong></span> <span class='ocrx_word' id='word_1_234' title='bbox 1405 2724 1547 2783; x_wconf 88' lang='lat' dir='ltr'><strong>quaeram</strong></span> 
     </span>
     <span class='ocr_line' id='line_1_25' title="bbox 236 2801 1548 2884; baseline 0.001 -20"><span class='ocrx_word' id='word_1_235' title='bbox 236 2805 464 2884; x_wconf 89' lang='lat' dir='ltr'><strong>nominibusque</strong></span> <span class='ocrx_word' id='word_1_236' title='bbox 486 2806 548 2866; x_wconf 88' lang='lat' dir='ltr'><strong>illis</strong></span> <span class='ocrx_word' id='word_1_237' title='bbox 566 2804 647 2865; x_wconf 87' lang='grc' dir='ltr'><strong><em>Κυσί</em></strong></span> <span class='ocrx_word' id='word_1_238' title='bbox 668 2808 698 2864; x_wconf 90' lang='lat' dir='ltr'><strong>et</strong></span> <span class='ocrx_word' id='word_1_239' title='bbox 716 2801 900 2882; x_wconf 81' lang='grc' dir='ltr'><strong><em>Κυνηγέταις</em></strong></span> <span class='ocrx_word' id='word_1_240' title='bbox 922 2805 1022 2880; x_wconf 88' lang='lat' dir='ltr'><strong>potius</strong></span> <span class='ocrx_word' id='word_1_241' title='bbox 1040 2804 1212 2863; x_wconf 88' lang='lat' dir='ltr'><strong>incertiores</strong></span> <span class='ocrx_word' id='word_1_242' title='bbox 1232 2805 1377 2879; x_wconf 89' lang='lat' dir='ltr'><strong>quaedam</strong></span> <span class='ocrx_word' id='word_1_243' title='bbox 1396 2805 1548 2881; x_wconf 89' lang='lat' dir='ltr'><strong>latiusque</strong></span> 
     </span>
     <span class='ocr_line' id='line_1_26' title="bbox 238 2899 1549 2981; baseline 0.001 -18"><span class='ocrx_word' id='word_1_244' title='bbox 238 2905 375 2981; x_wconf 77' lang='lat' dir='ltr'><strong>polentas</strong></span> <span class='ocrx_word' id='word_1_245' title='bbox 403 2904 559 2981; x_wconf 89' lang='lat' dir='ltr'><strong>opiniones</strong></span> <span class='ocrx_word' id='word_1_246' title='bbox 587 2903 882 2980; x_wconf 87' lang='lat' dir='ltr'><strong>comprehendantur,</strong></span> <span class='ocrx_word' id='word_1_247' title='bbox 911 2902 1012 2979; x_wconf 84' lang='lat' dir='ltr'><strong>qualos</strong></span> <span class='ocrx_word' id='word_1_248' title='bbox 1040 2900 1180 2961; x_wconf 81' lang='lat' dir='ltr'><strong>Germani</strong></span> <span class='ocrx_word' id='word_1_249' title='bbox 1208 2903 1322 2962; x_wconf 85' lang='lat' dir='ltr'><strong>veteres</strong></span> <span class='ocrx_word' id='word_1_250' title='bbox 1346 2905 1464 2962; x_wconf 88' lang='lat' dir='ltr'><strong>nomine</strong></span> <span class='ocrx_word' id='word_1_251' title='bbox 1489 2899 1549 2964; x_wconf 81' lang='lat' dir='ltr'><strong>‘dic</strong></span> 
     </span>
     <span class='ocr_line' id='line_1_27' title="bbox 238 2999 1548 3080; baseline 0.001 -20"><span class='ocrx_word' id='word_1_252' title='bbox 238 3003 321 3062; x_wconf 76' lang='lat' dir='ltr'><strong>wilde</strong></span> <span class='ocrx_word' id='word_1_253' title='bbox 338 2999 437 3079; x_wconf 79' lang='lat' dir='ltr'><strong>Joyd&#39;</strong></span> <span class='ocrx_word' id='word_1_254' title='bbox 455 3002 707 3080; x_wconf 86' lang='lat' dir='ltr'><strong>imaginabantur.</strong></span> <span class='ocrx_word' id='word_1_255' title='bbox 740 3002 927 3077; x_wconf 85' lang='lat' dir='ltr'><strong>Quamquam</strong></span> <span class='ocrx_word' id='word_1_256' title='bbox 946 2999 977 3059; x_wconf 93' lang='lat' dir='ltr'><strong>id</strong></span> <span class='ocrx_word' id='word_1_257' title='bbox 996 2999 1051 3060; x_wconf 90' lang='lat' dir='ltr'><strong>bao</strong></span> <span class='ocrx_word' id='word_1_258' title='bbox 1069 2999 1144 3077; x_wconf 85' lang='lat' dir='ltr'><strong>lege,</strong></span> <span class='ocrx_word' id='word_1_259' title='bbox 1164 3019 1224 3076; x_wconf 90' lang='lat' dir='ltr'><strong>qna</strong></span> <span class='ocrx_word' id='word_1_260' title='bbox 1242 3003 1436 3078; x_wconf 88' lang='lat' dir='ltr'><strong>utrorumque</strong></span> <span class='ocrx_word' id='word_1_261' title='bbox 1455 3004 1548 3063; x_wconf 89' lang='lat' dir='ltr'><strong>sacri-</strong></span> 
     </span>
     <span class='ocr_line' id='line_1_28' title="bbox 236 3099 1323 3180; baseline -0.005 -20"><span class='ocrx_word' id='word_1_262' title='bbox 236 3103 526 3180; x_wconf 18' lang='lat' dir='ltr'><strong>liciumvseparatnr,</strong></span> <span class='ocrx_word' id='word_1_263' title='bbox 549 3121 608 3160; x_wconf 88' lang='lat' dir='ltr'><strong>non</strong></span> <span class='ocrx_word' id='word_1_264' title='bbox 631 3099 862 3160; x_wconf 90' lang='lat' dir='ltr'><strong>commendatur.</strong></span> <span class='ocrx_word' id='word_1_265' title='bbox 1319 3101 1323 3108; x_wconf 90' lang='lat'>&#39;</span> 
     </span>
    </p>
   </div>
   <div class='ocr_carea' id='block_1_6' title="bbox 234 3199 1547 3674">
    <p class='ocr_par' dir='ltr' id='par_1_6' title="bbox 234 3199 1547 3674">
     <span class='ocr_line' id='line_1_29' title="bbox 324 3199 1547 3285; baseline 0 -17"><span class='ocrx_word' id='word_1_266' title='bbox 324 3209 425 3269; x_wconf 88' lang='lat' dir='ltr'><strong>Pauca</strong></span> <span class='ocrx_word' id='word_1_267' title='bbox 453 3209 489 3268; x_wconf 91' lang='lat' dir='ltr'><strong>de</strong></span> <span class='ocrx_word' id='word_1_268' title='bbox 516 3208 640 3285; x_wconf 90' lang='lat' dir='ltr'><strong>reliquis</strong></span> <span class='ocrx_word' id='word_1_269' title='bbox 664 3208 709 3267; x_wconf 89' lang='lat' dir='ltr'><strong>dis</strong></span> <span class='ocrx_word' id='word_1_270' title='bbox 738 3206 822 3266; x_wconf 85' lang='lat' dir='ltr'><strong>eddo.</strong></span> <span class='ocrx_word' id='word_1_271' title='bbox 864 3205 938 3264; x_wconf 85' lang='lat' dir='ltr'><strong>V.5</strong></span> <span class='ocrx_word' id='word_1_272' title='bbox 965 3199 1085 3284; x_wconf 79' lang='grc' dir='ltr'><strong><em>Ἑρμῆιτ</em></strong></span> <span class='ocrx_word' id='word_1_273' title='bbox 1113 3205 1278 3266; x_wconf 89' lang='lat' dir='ltr'><strong>Mercurius</strong></span> <span class='ocrx_word' id='word_1_274' title='bbox 1301 3207 1458 3267; x_wconf 89' lang='lat' dir='ltr'><strong>cbtbonins</strong></span> <span class='ocrx_word' id='word_1_275' title='bbox 1482 3211 1547 3268; x_wconf 91' lang='lat' dir='ltr'><strong>sine</strong></span> 
     </span>
     <span class='ocr_line' id='line_1_30' title="bbox 236 3295 1546 3384; baseline -0.001 -17"><span class='ocrx_word' id='word_1_276' title='bbox 236 3308 327 3367; x_wconf 90' lang='lat' dir='ltr'><strong>dubio</strong></span> <span class='ocrx_word' id='word_1_277' title='bbox 351 3306 473 3384; x_wconf 90' lang='lat' dir='ltr'><strong>dicitur,</strong></span> <span class='ocrx_word' id='word_1_278' title='bbox 502 3309 636 3382; x_wconf 90' lang='lat' dir='ltr'><strong>quinon</strong></span> <span class='ocrx_word' id='word_1_279' title='bbox 660 3307 746 3367; x_wconf 93' lang='lat' dir='ltr'><strong>modo</strong></span> <span class='ocrx_word' id='word_1_280' title='bbox 770 3303 951 3364; x_wconf 88' lang='lat' dir='ltr'><strong>somniorum</strong></span> <span class='ocrx_word' id='word_1_281' title='bbox 974 3295 1170 3383; x_wconf 69' lang='lat' dir='ltr'><strong>erardu1”)‚</strong></span> <span class='ocrx_word' id='word_1_282' title='bbox 1198 3305 1234 3363; x_wconf 90' lang='lat' dir='ltr'><strong>de</strong></span> <span class='ocrx_word' id='word_1_283' title='bbox 1259 3323 1318 3380; x_wconf 86' lang='lat' dir='ltr'><strong>qua</strong></span> <span class='ocrx_word' id='word_1_284' title='bbox 1340 3326 1372 3364; x_wconf 91' lang='lat' dir='ltr'><strong>re</strong></span> <span class='ocrx_word' id='word_1_285' title='bbox 1395 3307 1456 3365; x_wconf 86' lang='lat' dir='ltr'><strong>inm</strong></span> <span class='ocrx_word' id='word_1_286' title='bbox 1478 3307 1546 3366; x_wconf 88' lang='lat' dir='ltr'><strong>Dit-</strong></span> 
     </span>
     <span class='ocr_line' id='line_1_31' title="bbox 235 3399 1546 3485; baseline 0 -20"><span class='ocrx_word' id='word_1_287' title='bbox 235 3405 393 3484; x_wconf 83' lang='lat' dir='ltr'><strong>tenberger</strong></span> <span class='ocrx_word' id='word_1_288' title='bbox 420 3407 588 3480; x_wconf 86' lang='lat' dir='ltr'><strong>admonuit,</strong></span> <span class='ocrx_word' id='word_1_289' title='bbox 617 3406 667 3464; x_wconf 90' lang='lat' dir='ltr'><strong>sed</strong></span> <span class='ocrx_word' id='word_1_290' title='bbox 695 3425 753 3464; x_wconf 91' lang='lat' dir='ltr'><strong>non</strong></span> <span class='ocrx_word' id='word_1_291' title='bbox 781 3423 928 3479; x_wconf 89' lang='lat' dir='ltr'><strong>nusquam</strong></span> <span class='ocrx_word' id='word_1_292' title='bbox 956 3405 1020 3480; x_wconf 91' lang='lat' dir='ltr'><strong>ipse</strong></span> <span class='ocrx_word' id='word_1_293' title='bbox 1045 3404 1074 3460; x_wconf 88' lang='lat' dir='ltr'><strong>vi</strong></span> <span class='ocrx_word' id='word_1_294' title='bbox 1097 3402 1235 3462; x_wconf 90' lang='lat' dir='ltr'><strong>medendi</strong></span> <span class='ocrx_word' id='word_1_295' title='bbox 1257 3404 1411 3478; x_wconf 90' lang='lat' dir='ltr'><strong>praeditus</strong></span> <span class='ocrx_word' id='word_1_296' title='bbox 1434 3399 1546 3485; x_wconf 78' lang='lat' dir='ltr'><strong>erat²¹)</strong></span> 
     </span>
     <span class='ocr_line' id='line_1_32' title="bbox 237 3500 1546 3580; baseline 0 -17"><span class='ocrx_word' id='word_1_297' title='bbox 237 3509 267 3563; x_wconf 87' lang='lat' dir='ltr'><strong>et</strong></span> <span class='ocrx_word' id='word_1_298' title='bbox 299 3523 335 3564; x_wconf 87' lang='lat' dir='ltr'><strong>ea</strong></span> <span class='ocrx_word' id='word_1_299' title='bbox 367 3504 428 3564; x_wconf 88' lang='lat' dir='ltr'><strong>fere</strong></span> <span class='ocrx_word' id='word_1_300' title='bbox 461 3505 579 3578; x_wconf 83' lang='lat' dir='ltr'><strong>natura,</strong></span> <span class='ocrx_word' id='word_1_301' title='bbox 611 3523 701 3580; x_wconf 86' lang='lat' dir='ltr'><strong>qnam</strong></span> <span class='ocrx_word' id='word_1_302' title='bbox 730 3501 831 3562; x_wconf 78' lang='lat' dir='ltr'><strong>Cicero</strong></span> <span class='ocrx_word' id='word_1_303' title='bbox 858 3502 1010 3578; x_wconf 84' lang='lat' dir='ltr'><strong>intellegit</strong></span> <span class='ocrx_word' id='word_1_304' title='bbox 1036 3501 1101 3559; x_wconf 90' lang='lat' dir='ltr'><strong>loco</strong></span> <span class='ocrx_word' id='word_1_305' title='bbox 1129 3500 1320 3562; x_wconf 88' lang='lat' dir='ltr'><strong>celeberrimo</strong></span> <span class='ocrx_word' id='word_1_306' title='bbox 1346 3503 1408 3561; x_wconf 84' lang='lat' dir='ltr'><strong>ND</strong></span> <span class='ocrx_word' id='word_1_307' title='bbox 1432 3504 1479 3562; x_wconf 81' lang='lat'><strong>111</strong></span> <span class='ocrx_word' id='word_1_308' title='bbox 1503 3506 1546 3563; x_wconf 82' lang='lat'><strong>56</strong></span> 
     </span>
     <span class='ocr_line' id='line_1_33' title="bbox 234 3599 1547 3674; baseline -0.001 -12"><span class='ocrx_word' id='word_1_309' title='bbox 234 3604 404 3662; x_wconf 79' lang='lat' dir='ltr'><strong>Mercurius</strong></span> <span class='ocrx_word' id='word_1_310' title='bbox 496 3635 535 3642; x_wconf 86' lang='lat'><strong>-</strong></span> <span class='ocrx_word' id='word_1_311' title='bbox 561 3604 634 3662; x_wconf 82' lang='lat' dir='ltr'><strong>aller</strong></span> <span class='ocrx_word' id='word_1_312' title='bbox 654 3602 783 3662; x_wconf 71' lang='lat' dir='ltr'><strong>Valentis</strong></span> <span class='ocrx_word' id='word_1_313' title='bbox 811 3606 836 3660; x_wconf 74' lang='lat' dir='ltr'><strong>ci</strong></span> <span class='ocrx_word' id='word_1_314' title='bbox 862 3601 1014 3660; x_wconf 79' lang='lat' dir='ltr'><strong>Coronidis</strong></span> <span class='ocrx_word' id='word_1_315' title='bbox 1036 3599 1117 3672; x_wconf 70' lang='lat' dir='ltr'><strong>filins</strong></span> <span class='ocrx_word' id='word_1_316' title='bbox 1141 3602 1174 3666; x_wconf 75' lang='lat' dir='ltr'><strong>is,</strong></span> <span class='ocrx_word' id='word_1_317' title='bbox 1198 3603 1248 3674; x_wconf 82' lang='lat' dir='ltr'><strong>qni</strong></span> <span class='ocrx_word' id='word_1_318' title='bbox 1270 3602 1323 3660; x_wconf 77' lang='lat' dir='ltr'><strong>sub</strong></span> <span class='ocrx_word' id='word_1_319' title='bbox 1352 3604 1438 3661; x_wconf 80' lang='lat' dir='ltr'><strong>terris</strong></span> <span class='ocrx_word' id='word_1_320' title='bbox 1459 3604 1547 3661; x_wconf 78' lang='lat' dir='ltr'><strong>liobr-</strong></span> 
     </span>
    </p>
   </div>
   <div class='ocr_carea' id='block_1_7' title="bbox 235 3843 1545 4964">
    <p class='ocr_par' dir='ltr' id='par_1_7' title="bbox 235 3843 1545 4964">
     <span class='ocr_line' id='line_1_34' title="bbox 308 3843 1544 3916; baseline 0.002 -18"><span class='ocrx_word' id='word_1_321' title='bbox 308 3849 351 3914; x_wconf 72' lang='lat'><strong>17)</strong></span> <span class='ocrx_word' id='word_1_322' title='bbox 371 3849 389 3900; x_wconf 85' lang='grc' dir='ltr'><em>Ι</em></span> <span class='ocrx_word' id='word_1_323' title='bbox 395 3847 418 3900; x_wconf 88' lang='lat' dir='ltr'><strong><em>G</em></strong></span> <span class='ocrx_word' id='word_1_324' title='bbox 434 3845 546 3900; x_wconf 79' lang='lat' dir='ltr'><strong>lllsrs.</strong></span> <span class='ocrx_word' id='word_1_325' title='bbox 564 3851 660 3899; x_wconf 78' lang='lat'>1580-</span> <span class='ocrx_word' id='word_1_326' title='bbox 672 3850 748 3910; x_wconf 76' lang='lat'><strong>1582,</strong></span> <span class='ocrx_word' id='word_1_327' title='bbox 764 3843 855 3914; x_wconf 86' lang='lat' dir='ltr'><strong>suppl.</strong></span> <span class='ocrx_word' id='word_1_328' title='bbox 866 3849 964 3910; x_wconf 74' lang='lat' dir='ltr'><strong>lb&#39;ltc,</strong></span> <span class='ocrx_word' id='word_1_329' title='bbox 980 3844 1014 3898; x_wconf 85' lang='lat' dir='ltr'><strong>cf.</strong></span> <span class='ocrx_word' id='word_1_330' title='bbox 1025 3843 1219 3913; x_wconf 79' lang='lat' dir='ltr'><strong>Furtwii-ngler</strong></span> <span class='ocrx_word' id='word_1_331' title='bbox 1235 3845 1349 3900; x_wconf 66' lang='lat' dir='ltr'><strong>,usum</strong></span> <span class='ocrx_word' id='word_1_332' title='bbox 1359 3844 1544 3916; x_wconf 74' lang='lat' dir='ltr'><strong>Sitrnnqsber.</strong></span> 
     </span>
     <span class='ocr_line' id='line_1_35' title="bbox 237 3925 1284 3996; baseline -0.002 -16"><span class='ocrx_word' id='word_1_333' title='bbox 237 3932 303 3980; x_wconf 82' lang='grc'><strong>1897</strong></span> <span class='ocrx_word' id='word_1_334' title='bbox 323 3925 336 3980; x_wconf 95' lang='grc' dir='ltr'>Ι</span> <span class='ocrx_word' id='word_1_335' title='bbox 354 3945 381 3996; x_wconf 94' lang='lat' dir='ltr'><strong>p.</strong></span> <span class='ocrx_word' id='word_1_336' title='bbox 397 3933 515 3995; x_wconf 69' lang='lat' dir='ltr'><strong>dotsqq.</strong></span> <span class='ocrx_word' id='word_1_337' title='bbox 535 3929 564 3982; x_wconf 88' lang='lat' dir='ltr'><strong>et</strong></span> <span class='ocrx_word' id='word_1_338' title='bbox 583 3925 715 3980; x_wconf 81' lang='lat' dir='ltr'><strong>Harrison</strong></span> <span class='ocrx_word' id='word_1_339' title='bbox 734 3925 930 3996; x_wconf 80' lang='lat' dir='ltr'><strong>Proleqomeno</strong></span> <span class='ocrx_word' id='word_1_340' title='bbox 948 3942 975 3994; x_wconf 90' lang='lat' dir='ltr'><strong>p.</strong></span> <span class='ocrx_word' id='word_1_341' title='bbox 992 3929 1024 3978; x_wconf 75' lang='lat'><strong>17</strong></span> <span class='ocrx_word' id='word_1_342' title='bbox 1035 3940 1095 3994; x_wconf 88' lang='lat' dir='ltr'><strong>sqq.</strong></span> <span class='ocrx_word' id='word_1_343' title='bbox 1115 3927 1144 3978; x_wconf 88' lang='lat' dir='ltr'><strong>et</strong></span> <span class='ocrx_word' id='word_1_344' title='bbox 1162 3929 1213 3978; x_wconf 76' lang='lat'><strong>355</strong></span> <span class='ocrx_word' id='word_1_345' title='bbox 1224 3943 1284 3993; x_wconf 90' lang='lat' dir='ltr'><strong>sqq.</strong></span> 
     </span>
     <span class='ocr_line' id='line_1_36' title="bbox 308 4013 1038 4085; baseline -0.001 -16"><span class='ocrx_word' id='word_1_346' title='bbox 308 4017 350 4082; x_wconf 81' lang='grc'><strong>18)</strong></span> <span class='ocrx_word' id='word_1_347' title='bbox 370 4015 455 4069; x_wconf 86' lang='lat' dir='ltr'><strong>etiam</strong></span> <span class='ocrx_word' id='word_1_348' title='bbox 475 4015 623 4085; x_wconf 82' lang='lat' dir='ltr'><strong>Euripides</strong></span> <span class='ocrx_word' id='word_1_349' title='bbox 643 4033 706 4070; x_wconf 87' lang='lat' dir='ltr'><strong>enm</strong></span> <span class='ocrx_word' id='word_1_350' title='bbox 725 4014 796 4068; x_wconf 88' lang='lat' dir='ltr'><strong>dicit</strong></span> <span class='ocrx_word' id='word_1_351' title='bbox 814 4013 903 4069; x_wconf 84' lang='lat' dir='ltr'><strong>Oreet.</strong></span> <span class='ocrx_word' id='word_1_352' title='bbox 918 4019 1038 4083; x_wconf 74' lang='lat' dir='ltr'><strong>tssosqq.</strong></span> 
     </span>
     <span class='ocr_line' id='line_1_37' title="bbox 885 4111 1201 4183; baseline 0 -15"><span class='ocrx_word' id='word_1_353' title='bbox 885 4112 909 4168; x_wconf 81' lang='grc' dir='ltr'><strong>εἰ</strong></span> <span class='ocrx_word' id='word_1_354' title='bbox 927 4111 959 4168; x_wconf 76' lang='grc' dir='ltr'><strong>δὲ</strong></span> <span class='ocrx_word' id='word_1_355' title='bbox 977 4111 1013 4182; x_wconf 77' lang='grc' dir='ltr'><strong>δὴ</strong></span> <span class='ocrx_word' id='word_1_356' title='bbox 1032 4112 1066 4167; x_wconf 77' lang='grc' dir='ltr'><strong>τὰ</strong></span> <span class='ocrx_word' id='word_1_357' title='bbox 1085 4111 1201 4183; x_wconf 79' lang='grc' dir='ltr'><strong><em>μητέρος</em></strong></span> 
     </span>
     <span class='ocr_line' id='line_1_38' title="bbox 520 4190 1244 4267; baseline -0.001 -19"><span class='ocrx_word' id='word_1_358' title='bbox 520 4203 604 4264; x_wconf 80' lang='grc' dir='ltr'><strong><em>σιγῶν</em></strong></span> <span class='ocrx_word' id='word_1_359' title='bbox 624 4194 755 4267; x_wconf 79' lang='grc' dir='ltr'><strong><em>ἐπῄνουν,</em></strong></span> <span class='ocrx_word' id='word_1_360' title='bbox 774 4193 801 4248; x_wconf 76' lang='grc' dir='ltr'><strong>τέ</strong></span> <span class='ocrx_word' id='word_1_361' title='bbox 820 4192 849 4263; x_wconf 90' lang='grc' dir='ltr'><strong>μ’</strong></span> <span class='ocrx_word' id='word_1_362' title='bbox 871 4191 908 4248; x_wconf 76' lang='grc' dir='ltr'><strong>ἂν</strong></span> <span class='ocrx_word' id='word_1_363' title='bbox 927 4190 1023 4262; x_wconf 81' lang='grc' dir='ltr'><strong><em>έδραο’</em></strong></span> <span class='ocrx_word' id='word_1_364' title='bbox 1044 4191 1059 4247; x_wconf 85' lang='grc' dir='ltr'><strong><em>ὁ</em></strong></span> <span class='ocrx_word' id='word_1_365' title='bbox 1079 4196 1244 4258; x_wconf 74' lang='grc' dir='ltr'><strong><em>κατθαυώυς</em></strong></span> 
     </span>
     <span class='ocr_line' id='line_1_39' title="bbox 520 4271 1153 4344; baseline 0 -16"><span class='ocrx_word' id='word_1_366' title='bbox 520 4276 571 4328; x_wconf 74' lang='grc' dir='ltr'><strong>οὐκ</strong></span> <span class='ocrx_word' id='word_1_367' title='bbox 590 4274 626 4330; x_wconf 84' lang='grc' dir='ltr'><strong>ἄν</strong></span> <span class='ocrx_word' id='word_1_368' title='bbox 644 4295 677 4344; x_wconf 80' lang='grc' dir='ltr'><strong>με</strong></span> <span class='ocrx_word' id='word_1_369' title='bbox 696 4284 784 4343; x_wconf 82' lang='grc' dir='ltr'><strong><em>μισῶν</em></strong></span> <span class='ocrx_word' id='word_1_370' title='bbox 803 4271 979 4344; x_wconf 77' lang='grc' dir='ltr'><strong><em>ἀνεχόρευ’</em></strong></span> <span class='ocrx_word' id='word_1_371' title='bbox 1000 4271 1153 4342; x_wconf 73' lang='grc' dir='ltr'><strong><em>Ἐρινύσιυς</em></strong></span> 
     </span>
     <span class='ocr_line' id='line_1_40' title="bbox 520 4352 1088 4424; baseline 0 -16"><span class='ocrx_word' id='word_1_372' title='bbox 520 4353 536 4422; x_wconf 80' lang='grc' dir='ltr'>ἢ</span> <span class='ocrx_word' id='word_1_373' title='bbox 556 4356 636 4424; x_wconf 70' lang='grc' dir='ltr'><strong><em>μητρὶ</em></strong></span> <span class='ocrx_word' id='word_1_374' title='bbox 656 4354 706 4423; x_wconf 75' lang='grc' dir='ltr'><strong>μέν</strong></span> <span class='ocrx_word' id='word_1_375' title='bbox 725 4354 834 4424; x_wconf 82' lang='grc' dir='ltr'><strong><em>πάρεισι</em></strong></span> <span class='ocrx_word' id='word_1_376' title='bbox 856 4355 992 4424; x_wconf 77' lang='grc' dir='ltr'><strong><em>σύμμαχοι</em></strong></span> <span class='ocrx_word' id='word_1_377' title='bbox 1011 4352 1088 4419; x_wconf 76' lang='grc' dir='ltr'><strong><em>θεαί,</em></strong></span> 
     </span>
     <span class='ocr_line' id='line_1_41' title="bbox 520 4432 1104 4508; baseline 0 -20"><span class='ocrx_word' id='word_1_378' title='bbox 520 4439 557 4508; x_wconf 76' lang='grc' dir='ltr'><strong>τῷ</strong></span> <span class='ocrx_word' id='word_1_379' title='bbox 576 4432 605 4489; x_wconf 84' lang='lat' dir='ltr'><strong>d&#39;</strong></span> <span class='ocrx_word' id='word_1_380' title='bbox 626 4437 660 4490; x_wconf 88' lang='grc' dir='ltr'><strong>οὐ</strong></span> <span class='ocrx_word' id='word_1_381' title='bbox 679 4435 790 4501; x_wconf 77' lang='grc' dir='ltr'><strong><em>πάρεισι</em></strong></span> <span class='ocrx_word' id='word_1_382' title='bbox 810 4438 913 4504; x_wconf 74' lang='grc' dir='ltr'><strong><em>μᾶλλον</em></strong></span> <span class='ocrx_word' id='word_1_383' title='bbox 931 4433 1104 4507; x_wconf 72' lang='grc' dir='ltr'><strong><em>ἠδικημένῳς</em></strong></span> 
     </span>
     <span class='ocr_line' id='line_1_42' title="bbox 235 4539 1545 4613; baseline 0.004 -19"><span class='ocrx_word' id='word_1_384' title='bbox 235 4540 288 4594; x_wconf 88' lang='lat' dir='ltr'><strong>etsi</strong></span> <span class='ocrx_word' id='word_1_385' title='bbox 308 4540 425 4608; x_wconf 86' lang='lat' dir='ltr'><strong>Erinyas</strong></span> <span class='ocrx_word' id='word_1_386' title='bbox 448 4541 523 4612; x_wconf 79' lang='lat' dir='ltr'><strong>ipsas</strong></span> <span class='ocrx_word' id='word_1_387' title='bbox 546 4560 596 4613; x_wconf 88' lang='lat' dir='ltr'><strong>pro</strong></span> <span class='ocrx_word' id='word_1_388' title='bbox 621 4543 736 4596; x_wconf 81' lang='lat' dir='ltr'><strong>canibus</strong></span> <span class='ocrx_word' id='word_1_389' title='bbox 760 4541 854 4610; x_wconf 85' lang='lat' dir='ltr'><strong>affert,</strong></span> <span class='ocrx_word' id='word_1_390' title='bbox 879 4543 918 4596; x_wconf 85' lang='lat' dir='ltr'><strong>ita</strong></span> <span class='ocrx_word' id='word_1_391' title='bbox 937 4539 980 4596; x_wconf 88' lang='lat' dir='ltr'><strong>vel</strong></span> <span class='ocrx_word' id='word_1_392' title='bbox 999 4543 1089 4613; x_wconf 86' lang='lat' dir='ltr'><strong>magia</strong></span> <span class='ocrx_word' id='word_1_393' title='bbox 1107 4543 1254 4613; x_wconf 85' lang='lat' dir='ltr'><strong>perspicue</strong></span> <span class='ocrx_word' id='word_1_394' title='bbox 1278 4543 1438 4612; x_wconf 87' lang='lat' dir='ltr'><strong>opinionem</strong></span> <span class='ocrx_word' id='word_1_395' title='bbox 1457 4562 1545 4613; x_wconf 86' lang='lat' dir='ltr'><strong>quam</strong></span> 
     </span>
     <span class='ocr_line' id='line_1_43' title="bbox 235 4621 564 4691; baseline 0.018 -21"><span class='ocrx_word' id='word_1_396' title='bbox 235 4635 319 4689; x_wconf 81' lang='lat' dir='ltr'><strong>snpra</strong></span> <span class='ocrx_word' id='word_1_397' title='bbox 338 4621 443 4675; x_wconf 81' lang='lat' dir='ltr'><strong>conieci</strong></span> <span class='ocrx_word' id='word_1_398' title='bbox 461 4623 564 4691; x_wconf 88' lang='lat' dir='ltr'><strong>prodit.</strong></span> 
     </span>
     <span class='ocr_line' id='line_1_44' title="bbox 308 4710 1480 4784; baseline 0.007 -22"><span class='ocrx_word' id='word_1_399' title='bbox 308 4711 351 4763; x_wconf 73' lang='lat' dir='ltr'><strong>1st</strong></span> <span class='ocrx_word' id='word_1_400' title='bbox 371 4710 526 4764; x_wconf 81' lang='lat' dir='ltr'><strong>animarum</strong></span> <span class='ocrx_word' id='word_1_401' title='bbox 544 4711 682 4782; x_wconf 84' lang='lat' dir='ltr'><strong>imagines</strong></span> <span class='ocrx_word' id='word_1_402' title='bbox 700 4713 903 4784; x_wconf 86' lang='lat' dir='ltr'><strong>repraesentari</strong></span> <span class='ocrx_word' id='word_1_403' title='bbox 922 4713 979 4766; x_wconf 89' lang='lat' dir='ltr'><strong>iam</strong></span> <span class='ocrx_word' id='word_1_404' title='bbox 997 4711 1096 4767; x_wconf 88' lang='lat' dir='ltr'><strong>Rohde</strong></span> <span class='ocrx_word' id='word_1_405' title='bbox 1116 4713 1236 4767; x_wconf 87' lang='lat' dir='ltr'><strong>coniecit</strong></span> <span class='ocrx_word' id='word_1_406' title='bbox 1255 4715 1359 4784; x_wconf 76' lang='lat' dir='ltr'><strong>Psyche</strong></span> <span class='ocrx_word' id='word_1_407' title='bbox 1376 4733 1403 4784; x_wconf 85' lang='lat' dir='ltr'><strong>p.</strong></span> <span class='ocrx_word' id='word_1_408' title='bbox 1420 4719 1480 4770; x_wconf 72' lang='lat'><strong>375.</strong></span> 
     </span>
     <span class='ocr_line' id='line_1_45' title="bbox 307 4797 1318 4872; baseline 0.007 -23"><span class='ocrx_word' id='word_1_409' title='bbox 307 4801 351 4854; x_wconf 78' lang='lat' dir='ltr'><strong>aul</strong></span> <span class='ocrx_word' id='word_1_410' title='bbox 371 4797 470 4866; x_wconf 87' lang='lat' dir='ltr'><strong>Hymn.</strong></span> <span class='ocrx_word' id='word_1_411' title='bbox 491 4799 571 4854; x_wconf 85' lang='lat' dir='ltr'><strong>Hom.</strong></span> <span class='ocrx_word' id='word_1_412' title='bbox 586 4800 624 4854; x_wconf 90' lang='lat' dir='ltr'><strong>III</strong></span> <span class='ocrx_word' id='word_1_413' title='bbox 640 4809 672 4855; x_wconf 88' lang='grc'><strong>14</strong></span> <span class='ocrx_word' id='word_1_414' title='bbox 694 4801 800 4872; x_wconf 78' lang='grc' dir='ltr'><strong><em>ἡγήτωρ</em></strong></span> <span class='ocrx_word' id='word_1_415' title='bbox 820 4799 945 4870; x_wconf 74' lang='grc' dir='ltr'><strong><em>ὀνείρων,</em></strong></span> <span class='ocrx_word' id='word_1_416' title='bbox 964 4801 1198 4859; x_wconf 71' lang='lat' dir='ltr'><strong>bobert-Prone</strong></span> <span class='ocrx_word' id='word_1_417' title='bbox 1216 4821 1243 4872; x_wconf 91' lang='lat' dir='ltr'><strong>p.</strong></span> <span class='ocrx_word' id='word_1_418' title='bbox 1258 4807 1318 4856; x_wconf 84' lang='grc'>404,</span> 
     </span>
     <span class='ocr_line' id='line_1_46' title="bbox 307 4887 720 4964; baseline 0.017 -24"><span class='ocrx_word' id='word_1_419' title='bbox 307 4889 351 4941; x_wconf 70' lang='lat' dir='ltr'><strong>‘iil</strong></span> <span class='ocrx_word' id='word_1_420' title='bbox 370 4887 602 4946; x_wconf 83' lang='lat' dir='ltr'><strong>Robert-Preller</strong></span> <span class='ocrx_word' id='word_1_421' title='bbox 619 4910 645 4964; x_wconf 91' lang='lat' dir='ltr'><strong>p.</strong></span> <span class='ocrx_word' id='word_1_422' title='bbox 661 4897 720 4947; x_wconf 84' lang='grc'>400.</span> 
     </span>
    </p>
   </div>
   <div class='ocr_carea' id='block_1_8' title="bbox 0 0 1718 5462">
    <p class='ocr_par' dir='ltr' id='par_1_8' title="bbox 0 0 1718 5462">
     <span class='ocr_line' id='line_1_47' title="bbox 0 0 1718 5462; baseline 0 4"><span class='ocrx_word' id='word_1_423' title='bbox 0 0 1718 5462; x_wconf 95' lang='lat' dir='ltr'><strong> </strong></span> 
     </span>
    </p>
   </div>
  </div>
 </body>
</html>
