<?xml version="1.0" encoding="UTF-8"?>
<!DOCTYPE html PUBLIC "-//W3C//DTD XHTML 1.0 Transitional//EN"
    "http://www.w3.org/TR/xhtml1/DTD/xhtml1-transitional.dtd">
<html xmlns="http://www.w3.org/1999/xhtml" xml:lang="en" lang="en">
 <head>
  <title>
</title>
<meta http-equiv="Content-Type" content="text/html;charset=utf-8" />
  <meta name='ocr-system' content='tesseract 3.04.00' />
  <meta name='ocr-capabilities' content='ocr_page ocr_carea ocr_par ocr_line ocrx_word'/>
</head>
<body>
  <div class='ocr_page' id='page_1' title='image "./legesgraecorums00ziehgoog_0353.png"; bbox 0 0 3434 5464; ppageno 0'>
   <div class='ocr_carea' id='block_1_1' title="bbox 275 340 1068 405">
    <p class='ocr_par' dir='ltr' id='par_1_1' title="bbox 275 340 1068 405">
     <span class='ocr_line' id='line_1_1' title="bbox 275 340 1068 405; baseline 0.003 -11"><span class='ocrx_word' id='word_1_1' title='bbox 275 340 342 405; x_wconf 79' lang='lat'>340</span> <span class='ocrx_word' id='word_1_2' title='bbox 795 341 909 397; x_wconf 82' lang='lat' dir='ltr'>LEGES</span> <span class='ocrx_word' id='word_1_3' title='bbox 928 342 1068 398; x_wconf 76' lang='lat' dir='ltr'>SACRAE</span> 
     </span>
    </p>
   </div>
   <div class='ocr_carea' id='block_1_2' title="bbox 273 503 1591 1280">
    <p class='ocr_par' dir='ltr' id='par_1_2' title="bbox 275 503 1591 594">
     <span class='ocr_line' id='line_1_2' title="bbox 275 503 1591 594; baseline 0.004 -25"><span class='ocrx_word' id='word_1_4' title='bbox 275 514 421 570; x_wconf 88' lang='lat' dir='ltr'>vocantur</span> <span class='ocrx_word' id='word_1_5' title='bbox 448 507 492 571; x_wconf 79' lang='lat' dir='ltr'>rot</span> <span class='ocrx_word' id='word_1_6' title='bbox 517 506 680 588; x_wconf 75' lang='grc' dir='ltr'><strong><em>ἐωνημένοι</em></strong></span> <span class='ocrx_word' id='word_1_7' title='bbox 704 503 886 593; x_wconf 74' lang='grc' dir='ltr'>(πριάμενοι,</span> <span class='ocrx_word' id='word_1_8' title='bbox 915 505 1122 594; x_wconf 71' lang='grc' dir='ltr'>ἀγοράζοντες)</span> <span class='ocrx_word' id='word_1_9' title='bbox 1145 509 1199 572; x_wconf 81' lang='grc' dir='ltr'>τὰν</span> <span class='ocrx_word' id='word_1_10' title='bbox 1223 508 1313 592; x_wconf 72' lang='lat' dir='ltr'>obedo,</span> <span class='ocrx_word' id='word_1_11' title='bbox 1342 532 1401 590; x_wconf 89' lang='lat' dir='ltr'>qua</span> <span class='ocrx_word' id='word_1_12' title='bbox 1426 533 1497 575; x_wconf 89' lang='lat' dir='ltr'>voce</span> <span class='ocrx_word' id='word_1_13' title='bbox 1528 534 1591 589; x_wconf 85' lang='lat' dir='ltr'>eos,</span> 
     </span>
    </p>

    <p class='ocr_par' dir='ltr' id='par_1_3' title="bbox 273 608 1591 1280">
     <span class='ocr_line' id='line_1_3' title="bbox 278 608 1591 690; baseline 0.004 -23"><span class='ocrx_word' id='word_1_14' title='bbox 278 611 330 684; x_wconf 90' lang='lat' dir='ltr'>qni</span> <span class='ocrx_word' id='word_1_15' title='bbox 358 608 518 687; x_wconf 87' lang='lat' dir='ltr'>vectigalia</span> <span class='ocrx_word' id='word_1_16' title='bbox 545 609 666 685; x_wconf 87' lang='lat' dir='ltr'>publiea</span> <span class='ocrx_word' id='word_1_17' title='bbox 693 610 847 687; x_wconf 89' lang='lat' dir='ltr'>redempta</span> <span class='ocrx_word' id='word_1_18' title='bbox 874 609 1037 689; x_wconf 88' lang='lat' dir='ltr'>habebant,</span> <span class='ocrx_word' id='word_1_19' title='bbox 1069 629 1088 670; x_wconf 89' lang='lat' dir='ltr'>a</span> <span class='ocrx_word' id='word_1_20' title='bbox 1111 610 1231 672; x_wconf 86' lang='lat' dir='ltr'>Graecis</span> <span class='ocrx_word' id='word_1_21' title='bbox 1259 611 1421 689; x_wconf 77' lang='lat' dir='ltr'>significari</span> <span class='ocrx_word' id='word_1_22' title='bbox 1448 613 1591 690; x_wconf 81' lang='lat' dir='ltr'>Toepffer</span> 
     </span>
     <span class='ocr_line' id='line_1_4' title="bbox 276 707 1588 788; baseline 0.004 -23"><span class='ocrx_word' id='word_1_23' title='bbox 276 707 391 784; x_wconf 83' lang='lat' dir='ltr'>docuit3</span> <span class='ocrx_word' id='word_1_24' title='bbox 415 726 539 785; x_wconf 90' lang='lat' dir='ltr'>quorum</span> <span class='ocrx_word' id='word_1_25' title='bbox 563 727 704 786; x_wconf 81' lang='lat' dir='ltr'>generum</span> <span class='ocrx_word' id='word_1_26' title='bbox 727 708 779 767; x_wconf 90' lang='lat' dir='ltr'>uni</span> <span class='ocrx_word' id='word_1_27' title='bbox 803 711 909 786; x_wconf 86' lang='lat' dir='ltr'>cuique</span> <span class='ocrx_word' id='word_1_28' title='bbox 932 710 1011 770; x_wconf 86' lang='lat' dir='ltr'>idern</span> <span class='ocrx_word' id='word_1_29' title='bbox 1033 710 1228 788; x_wconf 88' lang='lat' dir='ltr'>praecipitur:</span> <span class='ocrx_word' id='word_1_30' title='bbox 1251 709 1390 772; x_wconf 77' lang='grc' dir='ltr'><strong><em>θυόντων</em></strong></span> <span class='ocrx_word' id='word_1_31' title='bbox 1408 709 1457 771; x_wconf 77' lang='lat' dir='ltr'>aut</span> <span class='ocrx_word' id='word_1_32' title='bbox 1475 729 1588 772; x_wconf 74' lang='lat' dir='ltr'>omo-</span> 
     </span>
     <span class='ocr_line' id='line_1_5' title="bbox 273 805 1588 888; baseline 0.002 -24"><span class='ocrx_word' id='word_1_33' title='bbox 273 805 454 886; x_wconf 76' lang='grc' dir='ltr'><strong><em>παγείσθων.</em></strong></span> <span class='ocrx_word' id='word_1_34' title='bbox 498 805 571 866; x_wconf 90' lang='lat' dir='ltr'>Inde</span> <span class='ocrx_word' id='word_1_35' title='bbox 595 825 614 866; x_wconf 89' lang='lat' dir='ltr'>a</span> <span class='ocrx_word' id='word_1_36' title='bbox 636 825 662 866; x_wconf 89' lang='lat' dir='ltr'>v.</span> <span class='ocrx_word' id='word_1_37' title='bbox 683 808 732 866; x_wconf 89' lang='grc'>16.</span> <span class='ocrx_word' id='word_1_38' title='bbox 755 808 808 868; x_wconf 92' lang='lat' dir='ltr'>ubi</span> <span class='ocrx_word' id='word_1_39' title='bbox 830 827 890 867; x_wconf 93' lang='lat' dir='ltr'>non</span> <span class='ocrx_word' id='word_1_40' title='bbox 912 809 975 868; x_wconf 89' lang='lat' dir='ltr'>iam</span> <span class='ocrx_word' id='word_1_41' title='bbox 996 808 1165 885; x_wconf 90' lang='lat' dir='ltr'>publicani,</span> <span class='ocrx_word' id='word_1_42' title='bbox 1194 809 1245 870; x_wconf 90' lang='lat' dir='ltr'>sed</span> <span class='ocrx_word' id='word_1_43' title='bbox 1268 809 1400 870; x_wconf 88' lang='lat' dir='ltr'>homines</span> <span class='ocrx_word' id='word_1_44' title='bbox 1423 813 1588 888; x_wconf 79' lang='lat' dir='ltr'>praecipue</span> 
     </span>
     <span class='ocr_line' id='line_1_6' title="bbox 275 903 1588 984; baseline 0.003 -20"><span class='ocrx_word' id='word_1_45' title='bbox 275 905 314 964; x_wconf 87' lang='lat' dir='ltr'>ad</span> <span class='ocrx_word' id='word_1_46' title='bbox 335 923 382 965; x_wconf 89' lang='lat' dir='ltr'>res</span> <span class='ocrx_word' id='word_1_47' title='bbox 401 905 522 965; x_wconf 88' lang='lat' dir='ltr'>navales</span> <span class='ocrx_word' id='word_1_48' title='bbox 540 903 615 965; x_wconf 82' lang='lat' dir='ltr'>Coae</span> <span class='ocrx_word' id='word_1_49' title='bbox 634 907 816 981; x_wconf 76' lang='lat' dir='ltr'>pertinentes</span> <span class='ocrx_word' id='word_1_50' title='bbox 835 909 990 984; x_wconf 90' lang='lat' dir='ltr'>apparent,</span> <span class='ocrx_word' id='word_1_51' title='bbox 1013 926 1105 984; x_wconf 85' lang='lat' dir='ltr'>genus</span> <span class='ocrx_word' id='word_1_52' title='bbox 1126 908 1314 984; x_wconf 77' lang='lat' dir='ltr'>pretiumque</span> <span class='ocrx_word' id='word_1_53' title='bbox 1333 908 1472 968; x_wconf 87' lang='lat' dir='ltr'>victimae</span> <span class='ocrx_word' id='word_1_54' title='bbox 1491 911 1588 968; x_wconf 87' lang='lat' dir='ltr'>sacri-</span> 
     </span>
     <span class='ocr_line' id='line_1_7' title="bbox 275 998 1587 1090; baseline 0.005 -30"><span class='ocrx_word' id='word_1_55' title='bbox 275 1001 407 1062; x_wconf 89' lang='lat' dir='ltr'>ficandae</span> <span class='ocrx_word' id='word_1_56' title='bbox 436 1003 630 1062; x_wconf 85' lang='lat' dir='ltr'>constituitur</span> <span class='ocrx_word' id='word_1_57' title='bbox 652 1007 683 1063; x_wconf 88' lang='lat' dir='ltr'>et</span> <span class='ocrx_word' id='word_1_58' title='bbox 711 1007 865 1081; x_wconf 88' lang='lat' dir='ltr'>praeterea</span> <span class='ocrx_word' id='word_1_59' title='bbox 894 1004 1002 1081; x_wconf 89' lang='lat' dir='ltr'>quibus</span> <span class='ocrx_word' id='word_1_60' title='bbox 1026 1005 1072 1065; x_wconf 88' lang='lat' dir='ltr'>dis</span> <span class='ocrx_word' id='word_1_61' title='bbox 1100 1005 1154 1066; x_wconf 86' lang='lat' dir='ltr'>fiat</span> <span class='ocrx_word' id='word_1_62' title='bbox 1177 999 1361 1088; x_wconf 79' lang='grc' dir='ltr'>(Ποτειδᾶνι,</span> <span class='ocrx_word' id='word_1_63' title='bbox 1386 998 1488 1090; x_wconf 78' lang='grc' dir='ltr'><em>Ῥόδῳ,</em></span> <span class='ocrx_word' id='word_1_64' title='bbox 1513 999 1587 1090; x_wconf 69' lang='grc' dir='ltr'>Κῷ)</span> 
     </span>
     <span class='ocr_line' id='line_1_8' title="bbox 276 1099 1588 1181; baseline 0.004 -21"><span class='ocrx_word' id='word_1_65' title='bbox 276 1100 404 1160; x_wconf 77' lang='lat' dir='ltr'>additur.</span> <span class='ocrx_word' id='word_1_66' title='bbox 450 1099 514 1160; x_wconf 89' lang='lat' dir='ltr'>Iam</span> <span class='ocrx_word' id='word_1_67' title='bbox 542 1100 673 1178; x_wconf 82' lang='lat' dir='ltr'>plurima</span> <span class='ocrx_word' id='word_1_68' title='bbox 700 1104 730 1161; x_wconf 89' lang='lat' dir='ltr'>et</span> <span class='ocrx_word' id='word_1_69' title='bbox 756 1104 933 1180; x_wconf 87' lang='lat' dir='ltr'>gravissima</span> <span class='ocrx_word' id='word_1_70' title='bbox 964 1102 1031 1180; x_wconf 92' lang='lat' dir='ltr'>illa,</span> <span class='ocrx_word' id='word_1_71' title='bbox 1064 1121 1141 1181; x_wconf 88' lang='lat' dir='ltr'>quae</span> <span class='ocrx_word' id='word_1_72' title='bbox 1168 1123 1204 1162; x_wconf 90' lang='lat' dir='ltr'>ex</span> <span class='ocrx_word' id='word_1_73' title='bbox 1233 1104 1289 1164; x_wconf 91' lang='lat' dir='ltr'>boc</span> <span class='ocrx_word' id='word_1_74' title='bbox 1315 1105 1412 1165; x_wconf 87' lang='lat' dir='ltr'>indice</span> <span class='ocrx_word' id='word_1_75' title='bbox 1435 1103 1588 1165; x_wconf 87' lang='lat' dir='ltr'>derebus</span> 
     </span>
     <span class='ocr_line' id='line_1_9' title="bbox 276 1199 1588 1280; baseline 0.003 -22"><span class='ocrx_word' id='word_1_76' title='bbox 276 1199 471 1258; x_wconf 89' lang='lat' dir='ltr'>oeconomicis</span> <span class='ocrx_word' id='word_1_77' title='bbox 507 1218 562 1257; x_wconf 89' lang='lat' dir='ltr'>nec</span> <span class='ocrx_word' id='word_1_78' title='bbox 597 1218 656 1259; x_wconf 94' lang='lat' dir='ltr'>non</span> <span class='ocrx_word' id='word_1_79' title='bbox 689 1200 724 1260; x_wconf 91' lang='lat' dir='ltr'>de</span> <span class='ocrx_word' id='word_1_80' title='bbox 760 1199 892 1262; x_wconf 85' lang='lat' dir='ltr'>moribus</span> <span class='ocrx_word' id='word_1_81' title='bbox 924 1203 1048 1278; x_wconf 90' lang='lat' dir='ltr'>vitaque</span> <span class='ocrx_word' id='word_1_82' title='bbox 1081 1199 1207 1263; x_wconf 81' lang='lat' dir='ltr'>Ooorum</span> <span class='ocrx_word' id='word_1_83' title='bbox 1246 1205 1477 1280; x_wconf 82' lang='lat' dir='ltr'>cognoscuntur,</span> <span class='ocrx_word' id='word_1_84' title='bbox 1514 1207 1588 1279; x_wconf 90' lang='lat' dir='ltr'>post</span> 
     </span>
    </p>
   </div>
   <div class='ocr_carea' id='block_1_3' title="bbox 275 1297 1705 1385">
    <p class='ocr_par' dir='ltr' id='par_1_4' title="bbox 275 1297 1705 1385">
     <span class='ocr_line' id='line_1_10' title="bbox 275 1297 1705 1385; baseline 0.002 -29"><span class='ocrx_word' id='word_1_85' title='bbox 275 1297 463 1374; x_wconf 81' lang='lat' dir='ltr'>&#39;Poepfferum</span> <span class='ocrx_word' id='word_1_86' title='bbox 486 1297 628 1358; x_wconf 86' lang='lat' dir='ltr'>disserere</span> <span class='ocrx_word' id='word_1_87' title='bbox 650 1317 710 1358; x_wconf 92' lang='lat' dir='ltr'>non</span> <span class='ocrx_word' id='word_1_88' title='bbox 733 1298 822 1359; x_wconf 87' lang='lat' dir='ltr'>buius</span> <span class='ocrx_word' id='word_1_89' title='bbox 845 1299 903 1358; x_wconf 90' lang='lat' dir='ltr'>loci</span> <span class='ocrx_word' id='word_1_90' title='bbox 926 1303 979 1359; x_wconf 88' lang='lat' dir='ltr'>est.</span> <span class='ocrx_word' id='word_1_91' title='bbox 1025 1299 1159 1360; x_wconf 86' lang='lat' dir='ltr'>Remotis</span> <span class='ocrx_word' id='word_1_92' title='bbox 1181 1320 1252 1360; x_wconf 90' lang='lat' dir='ltr'>vero</span> <span class='ocrx_word' id='word_1_93' title='bbox 1279 1300 1340 1360; x_wconf 91' lang='lat' dir='ltr'>illis</span> <span class='ocrx_word' id='word_1_94' title='bbox 1364 1301 1439 1360; x_wconf 91' lang='lat' dir='ltr'>duae</span> <span class='ocrx_word' id='word_1_95' title='bbox 1462 1303 1588 1378; x_wconf 88' lang='lat' dir='ltr'>potissi·</span> <span class='ocrx_word' id='word_1_96' title='bbox 1702 1370 1705 1385; x_wconf 46' lang='grc' dir='ltr'>Ι</span> 
     </span>
    </p>
   </div>
   <div class='ocr_carea' id='block_1_4' title="bbox 278 1396 1589 1576">
    <p class='ocr_par' dir='ltr' id='par_1_5' title="bbox 278 1396 1589 1576">
     <span class='ocr_line' id='line_1_11' title="bbox 278 1396 1206 1473; baseline 0.003 -19"><span class='ocrx_word' id='word_1_97' title='bbox 278 1415 361 1454; x_wconf 88' lang='grc' dir='ltr'><strong>ιιιιιιιι</strong></span> <span class='ocrx_word' id='word_1_98' title='bbox 385 1397 572 1471; x_wconf 81' lang='lat' dir='ltr'>quaestiones</span> <span class='ocrx_word' id='word_1_99' title='bbox 596 1396 634 1455; x_wconf 90' lang='lat' dir='ltr'>ad</span> <span class='ocrx_word' id='word_1_100' title='bbox 656 1415 719 1456; x_wconf 90' lang='lat' dir='ltr'>rem</span> <span class='ocrx_word' id='word_1_101' title='bbox 741 1415 856 1456; x_wconf 87' lang='lat' dir='ltr'>sacram</span> <span class='ocrx_word' id='word_1_102' title='bbox 879 1399 1061 1473; x_wconf 82' lang='lat' dir='ltr'>pertinentes</span> <span class='ocrx_word' id='word_1_103' title='bbox 1083 1401 1206 1458; x_wconf 88' lang='lat' dir='ltr'>restant.</span> 
     </span>
     <span class='ocr_line' id='line_1_12' title="bbox 365 1493 1589 1576; baseline 0.003 -24"><span class='ocrx_word' id='word_1_104' title='bbox 365 1493 409 1552; x_wconf 82' lang='lat' dir='ltr'>Ac</span> <span class='ocrx_word' id='word_1_105' title='bbox 431 1495 560 1570; x_wconf 88' lang='lat' dir='ltr'>primum</span> <span class='ocrx_word' id='word_1_106' title='bbox 584 1495 703 1571; x_wconf 90' lang='lat' dir='ltr'>quidem</span> <span class='ocrx_word' id='word_1_107' title='bbox 730 1494 762 1554; x_wconf 93' lang='lat' dir='ltr'>id</span> <span class='ocrx_word' id='word_1_108' title='bbox 786 1497 953 1572; x_wconf 84' lang='lat' dir='ltr'>quaeritur,</span> <span class='ocrx_word' id='word_1_109' title='bbox 983 1495 1134 1572; x_wconf 81' lang='lat' dir='ltr'>quodnam</span> <span class='ocrx_word' id='word_1_110' title='bbox 1161 1514 1252 1576; x_wconf 85' lang='lat' dir='ltr'>genus</span> <span class='ocrx_word' id='word_1_111' title='bbox 1280 1497 1371 1556; x_wconf 86' lang='lat' dir='ltr'>fuerit</span> <span class='ocrx_word' id='word_1_112' title='bbox 1392 1497 1469 1574; x_wconf 81' lang='lat' dir='ltr'>legis</span> <span class='ocrx_word' id='word_1_113' title='bbox 1492 1498 1589 1556; x_wconf 86' lang='lat' dir='ltr'>talem</span> 
     </span>
    </p>
   </div>
   <div class='ocr_carea' id='block_1_5' title="bbox 276 1591 1699 1668">
    <p class='ocr_par' dir='ltr' id='par_1_6' title="bbox 276 1591 1699 1668">
     <span class='ocr_line' id='line_1_13' title="bbox 276 1591 1699 1668; baseline 0.002 -15"><span class='ocrx_word' id='word_1_114' title='bbox 276 1591 405 1653; x_wconf 88' lang='lat' dir='ltr'>indicem</span> <span class='ocrx_word' id='word_1_115' title='bbox 419 1592 594 1667; x_wconf 87' lang='lat' dir='ltr'>exhibentis,</span> <span class='ocrx_word' id='word_1_116' title='bbox 613 1611 672 1668; x_wconf 93' lang='lat' dir='ltr'>quo</span> <span class='ocrx_word' id='word_1_117' title='bbox 692 1593 814 1653; x_wconf 88' lang='lat' dir='ltr'>oonsilio</span> <span class='ocrx_word' id='word_1_118' title='bbox 834 1597 973 1654; x_wconf 90' lang='lat' dir='ltr'>commoti</span> <span class='ocrx_word' id='word_1_119' title='bbox 988 1594 1043 1654; x_wconf 79' lang='lat' dir='ltr'>(lei</span> <span class='ocrx_word' id='word_1_120' title='bbox 1061 1613 1128 1654; x_wconf 91' lang='lat' dir='ltr'>eum</span> <span class='ocrx_word' id='word_1_121' title='bbox 1143 1594 1384 1656; x_wconf 88' lang='lat' dir='ltr'>conscribendum</span> <span class='ocrx_word' id='word_1_122' title='bbox 1404 1597 1589 1654; x_wconf 81' lang='lat' dir='ltr'>curaverint.</span> <span class='ocrx_word' id='word_1_123' title='bbox 1688 1645 1699 1656; x_wconf 91' lang='lat'>.</span> 
     </span>
    </p>
   </div>
   <div class='ocr_carea' id='block_1_6' title="bbox 272 1689 1590 4322">
    <p class='ocr_par' dir='ltr' id='par_1_7' title="bbox 272 1689 1590 3928">
     <span class='ocr_line' id='line_1_14' title="bbox 277 1689 1590 1772; baseline 0 -22"><span class='ocrx_word' id='word_1_124' title='bbox 277 1689 313 1750; x_wconf 91' lang='lat' dir='ltr'>Id</span> <span class='ocrx_word' id='word_1_125' title='bbox 337 1690 416 1766; x_wconf 90' lang='lat' dir='ltr'>quod</span> <span class='ocrx_word' id='word_1_126' title='bbox 439 1711 474 1748; x_wconf 89' lang='lat' dir='ltr'>ex</span> <span class='ocrx_word' id='word_1_127' title='bbox 497 1709 556 1750; x_wconf 89' lang='lat' dir='ltr'>uno</span> <span class='ocrx_word' id='word_1_128' title='bbox 579 1690 635 1751; x_wconf 89' lang='lat' dir='ltr'>hoo</span> <span class='ocrx_word' id='word_1_129' title='bbox 657 1692 761 1766; x_wconf 89' lang='lat' dir='ltr'>titulo,</span> <span class='ocrx_word' id='word_1_130' title='bbox 791 1692 933 1768; x_wconf 90' lang='lat' dir='ltr'>quoniam</span> <span class='ocrx_word' id='word_1_131' title='bbox 956 1695 986 1752; x_wconf 88' lang='lat' dir='ltr'>et</span> <span class='ocrx_word' id='word_1_132' title='bbox 1009 1692 1161 1752; x_wconf 83' lang='lat' dir='ltr'>exordium</span> <span class='ocrx_word' id='word_1_133' title='bbox 1185 1695 1215 1752; x_wconf 90' lang='lat' dir='ltr'>et</span> <span class='ocrx_word' id='word_1_134' title='bbox 1237 1692 1304 1752; x_wconf 87' lang='lat' dir='ltr'>finis</span> <span class='ocrx_word' id='word_1_135' title='bbox 1327 1694 1401 1772; x_wconf 80' lang='lat' dir='ltr'>legis</span> <span class='ocrx_word' id='word_1_136' title='bbox 1424 1693 1590 1769; x_wconf 85' lang='lat' dir='ltr'>perierunt,</span> 
     </span>
     <span class='ocr_line' id='line_1_15' title="bbox 276 1788 1590 1866; baseline 0 -17"><span class='ocrx_word' id='word_1_137' title='bbox 276 1788 470 1849; x_wconf 86' lang='lat' dir='ltr'>nullomodo</span> <span class='ocrx_word' id='word_1_138' title='bbox 493 1789 630 1866; x_wconf 82' lang='lat' dir='ltr'>intellegi</span> <span class='ocrx_word' id='word_1_139' title='bbox 652 1792 759 1865; x_wconf 86' lang='lat' dir='ltr'>potest</span> <span class='ocrx_word' id='word_1_140' title='bbox 805 1790 867 1850; x_wconf 89' lang='lat' dir='ltr'>Nec</span> <span class='ocrx_word' id='word_1_141' title='bbox 889 1809 959 1850; x_wconf 89' lang='lat' dir='ltr'>vero</span> <span class='ocrx_word' id='word_1_142' title='bbox 981 1791 1030 1852; x_wconf 89' lang='lat' dir='ltr'>bic</span> <span class='ocrx_word' id='word_1_143' title='bbox 1053 1793 1161 1850; x_wconf 89' lang='lat' dir='ltr'>titulus</span> <span class='ocrx_word' id='word_1_144' title='bbox 1184 1790 1222 1849; x_wconf 89' lang='lat' dir='ltr'>ab</span> <span class='ocrx_word' id='word_1_145' title='bbox 1245 1790 1314 1852; x_wconf 84' lang='lat' dir='ltr'>eliis</span> <span class='ocrx_word' id='word_1_146' title='bbox 1340 1791 1437 1851; x_wconf 87' lang='lat' dir='ltr'>tribus</span> <span class='ocrx_word' id='word_1_147' title='bbox 1460 1791 1590 1850; x_wconf 85' lang='lat' dir='ltr'>decretis</span> 
     </span>
     <span class='ocr_line' id='line_1_16' title="bbox 280 1886 1590 1966; baseline 0.002 -20"><span class='ocrx_word' id='word_1_148' title='bbox 280 1886 350 1946; x_wconf 80' lang='lat' dir='ltr'>Cois</span> <span class='ocrx_word' id='word_1_149' title='bbox 374 1889 507 1963; x_wconf 87' lang='lat' dir='ltr'>separari</span> <span class='ocrx_word' id='word_1_150' title='bbox 529 1890 629 1964; x_wconf 90' lang='lat' dir='ltr'>potest</span> <span class='ocrx_word' id='word_1_151' title='bbox 650 1907 679 1948; x_wconf 91' lang='lat' dir='ltr'>n.</span> <span class='ocrx_word' id='word_1_152' title='bbox 700 1889 888 1964; x_wconf 79' lang='lat'>138—140,</span> <span class='ocrx_word' id='word_1_153' title='bbox 915 1887 946 1947; x_wconf 93' lang='lat' dir='ltr'>in</span> <span class='ocrx_word' id='word_1_154' title='bbox 971 1889 1077 1965; x_wconf 88' lang='lat' dir='ltr'>quibus</span> <span class='ocrx_word' id='word_1_155' title='bbox 1104 1890 1193 1966; x_wconf 87' lang='lat' dir='ltr'>plane</span> <span class='ocrx_word' id='word_1_156' title='bbox 1217 1889 1318 1948; x_wconf 90' lang='lat' dir='ltr'>eodem</span> <span class='ocrx_word' id='word_1_157' title='bbox 1341 1888 1429 1948; x_wconf 89' lang='lat' dir='ltr'>modo</span> <span class='ocrx_word' id='word_1_158' title='bbox 1452 1890 1590 1948; x_wconf 88' lang='lat' dir='ltr'>homines</span> 
     </span>
     <span class='ocr_line' id='line_1_17' title="bbox 280 1979 1588 2068; baseline 0.001 -23"><span class='ocrx_word' id='word_1_159' title='bbox 280 1985 445 2046; x_wconf 84' lang='lat' dir='ltr'>sacrificare</span> <span class='ocrx_word' id='word_1_160' title='bbox 468 1985 607 2045; x_wconf 88' lang='lat' dir='ltr'>debentes</span> <span class='ocrx_word' id='word_1_161' title='bbox 631 1991 849 2046; x_wconf 89' lang='lat' dir='ltr'>enumerantur.</span> <span class='ocrx_word' id='word_1_162' title='bbox 886 1985 951 2045; x_wconf 90' lang='lat' dir='ltr'>Iam</span> <span class='ocrx_word' id='word_1_163' title='bbox 970 2005 1037 2046; x_wconf 91' lang='lat' dir='ltr'>cum</span> <span class='ocrx_word' id='word_1_164' title='bbox 1056 1992 1134 2047; x_wconf 84' lang='lat' dir='ltr'>certe</span> <span class='ocrx_word' id='word_1_165' title='bbox 1157 1989 1189 2046; x_wconf 90' lang='lat' dir='ltr'>in</span> <span class='ocrx_word' id='word_1_166' title='bbox 1207 1987 1321 2048; x_wconf 90' lang='lat' dir='ltr'>duobus</span> <span class='ocrx_word' id='word_1_167' title='bbox 1339 2007 1441 2046; x_wconf 88' lang='lat' dir='ltr'>eorum</span> <span class='ocrx_word' id='word_1_168' title='bbox 1462 1979 1504 2068; x_wconf 94' lang='lat' dir='ltr'>(n.</span> <span class='ocrx_word' id='word_1_169' title='bbox 1523 1990 1588 2046; x_wconf 86' lang='grc'>138</span> 
     </span>
     <span class='ocr_line' id='line_1_18' title="bbox 278 2075 1587 2167; baseline -0.001 -24"><span class='ocrx_word' id='word_1_170' title='bbox 278 2087 310 2143; x_wconf 88' lang='lat' dir='ltr'>et</span> <span class='ocrx_word' id='word_1_171' title='bbox 334 2075 412 2167; x_wconf 87' lang='lat'>139)</span> <span class='ocrx_word' id='word_1_172' title='bbox 436 2083 524 2143; x_wconf 87' lang='lat' dir='ltr'>index</span> <span class='ocrx_word' id='word_1_173' title='bbox 546 2084 599 2142; x_wconf 92' lang='lat' dir='ltr'>ille</span> <span class='ocrx_word' id='word_1_174' title='bbox 621 2085 738 2162; x_wconf 86' lang='lat' dir='ltr'>partem</span> <span class='ocrx_word' id='word_1_175' title='bbox 761 2083 872 2145; x_wconf 87' lang='lat' dir='ltr'>afliciat</span> <span class='ocrx_word' id='word_1_176' title='bbox 894 2085 977 2144; x_wconf 88' lang='lat' dir='ltr'>tituli</span> <span class='ocrx_word' id='word_1_177' title='bbox 1001 2085 1036 2146; x_wconf 89' lang='lat' dir='ltr'>de</span> <span class='ocrx_word' id='word_1_178' title='bbox 1060 2088 1210 2163; x_wconf 89' lang='lat' dir='ltr'>emptione</span> <span class='ocrx_word' id='word_1_179' title='bbox 1232 2085 1402 2145; x_wconf 85' lang='lat' dir='ltr'>venditione</span> <span class='ocrx_word' id='word_1_180' title='bbox 1426 2086 1587 2146; x_wconf 87' lang='lat' dir='ltr'>sacerdotii</span> 
     </span>
     <span class='ocr_line' id='line_1_19' title="bbox 277 2181 1589 2260; baseline 0.001 -19"><span class='ocrx_word' id='word_1_181' title='bbox 277 2181 444 2258; x_wconf 86' lang='lat' dir='ltr'>cniusdam,</span> <span class='ocrx_word' id='word_1_182' title='bbox 472 2184 503 2240; x_wconf 90' lang='lat' dir='ltr'>et</span> <span class='ocrx_word' id='word_1_183' title='bbox 524 2185 658 2242; x_wconf 78' lang='lat' dir='ltr'>nostrum</span> <span class='ocrx_word' id='word_1_184' title='bbox 681 2183 806 2242; x_wconf 90' lang='lat' dir='ltr'>titulum</span> <span class='ocrx_word' id='word_1_185' title='bbox 830 2186 859 2243; x_wconf 92' lang='lat' dir='ltr'>et</span> <span class='ocrx_word' id='word_1_186' title='bbox 882 2203 910 2242; x_wconf 91' lang='grc' dir='ltr'>ιι.</span> <span class='ocrx_word' id='word_1_187' title='bbox 932 2185 995 2242; x_wconf 83' lang='grc'>140</span> <span class='ocrx_word' id='word_1_188' title='bbox 1018 2185 1089 2242; x_wconf 89' lang='lat' dir='ltr'>item</span> <span class='ocrx_word' id='word_1_189' title='bbox 1113 2184 1184 2243; x_wconf 89' lang='lat' dir='ltr'>talis</span> <span class='ocrx_word' id='word_1_190' title='bbox 1207 2183 1318 2242; x_wconf 90' lang='lat' dir='ltr'>decreti</span> <span class='ocrx_word' id='word_1_191' title='bbox 1347 2186 1449 2260; x_wconf 85' lang='lat' dir='ltr'>partes</span> <span class='ocrx_word' id='word_1_192' title='bbox 1473 2203 1536 2243; x_wconf 90' lang='lat' dir='ltr'>esse</span> <span class='ocrx_word' id='word_1_193' title='bbox 1560 2187 1589 2243; x_wconf 84' lang='lat' dir='ltr'>si</span> 
     </span>
     <span class='ocr_line' id='line_1_20' title="bbox 276 2275 1587 2361; baseline 0.001 -22"><span class='ocrx_word' id='word_1_194' title='bbox 276 2300 335 2340; x_wconf 91' lang='lat' dir='ltr'>non</span> <span class='ocrx_word' id='word_1_195' title='bbox 360 2284 472 2340; x_wconf 87' lang='lat' dir='ltr'>certum</span> <span class='ocrx_word' id='word_1_196' title='bbox 496 2283 529 2339; x_wconf 85' lang='lat' dir='ltr'>at</span> <span class='ocrx_word' id='word_1_197' title='bbox 551 2283 650 2340; x_wconf 89' lang='lat' dir='ltr'>tamen</span> <span class='ocrx_word' id='word_1_198' title='bbox 669 2283 733 2341; x_wconf 89' lang='lat' dir='ltr'>veri</span> <span class='ocrx_word' id='word_1_199' title='bbox 756 2282 941 2340; x_wconf 90' lang='lat' dir='ltr'>simillimum</span> <span class='ocrx_word' id='word_1_200' title='bbox 963 2281 1037 2340; x_wconf 90' lang='lat' dir='ltr'>mihi</span> <span class='ocrx_word' id='word_1_201' title='bbox 1055 2275 1209 2361; x_wconf 80' lang='lat' dir='ltr'>videtur.⁶)</span> <span class='ocrx_word' id='word_1_202' title='bbox 1246 2282 1311 2341; x_wconf 88' lang='lat' dir='ltr'>Iam</span> <span class='ocrx_word' id='word_1_203' title='bbox 1331 2284 1493 2358; x_wconf 89' lang='lat' dir='ltr'>quaeritur,</span> <span class='ocrx_word' id='word_1_204' title='bbox 1512 2283 1587 2357; x_wconf 90' lang='lat' dir='ltr'>quid</span> 
     </span>
     <span class='ocr_line' id='line_1_21' title="bbox 276 2377 1587 2458; baseline 0.002 -23"><span class='ocrx_word' id='word_1_205' title='bbox 276 2377 422 2438; x_wconf 84' lang='lat' dir='ltr'>eiusmodi</span> <span class='ocrx_word' id='word_1_206' title='bbox 453 2379 541 2438; x_wconf 87' lang='lat' dir='ltr'>index</span> <span class='ocrx_word' id='word_1_207' title='bbox 577 2378 608 2437; x_wconf 90' lang='lat' dir='ltr'>in</span> <span class='ocrx_word' id='word_1_208' title='bbox 641 2379 706 2458; x_wconf 85' lang='lat' dir='ltr'>lege</span> <span class='ocrx_word' id='word_1_209' title='bbox 739 2380 775 2438; x_wconf 88' lang='lat' dir='ltr'>de</span> <span class='ocrx_word' id='word_1_210' title='bbox 808 2381 957 2456; x_wconf 87' lang='lat' dir='ltr'>emptione</span> <span class='ocrx_word' id='word_1_211' title='bbox 990 2380 1159 2439; x_wconf 87' lang='lat' dir='ltr'>venditione</span> <span class='ocrx_word' id='word_1_212' title='bbox 1193 2380 1350 2438; x_wconf 87' lang='lat' dir='ltr'>sacerdotii</span> <span class='ocrx_word' id='word_1_213' title='bbox 1383 2381 1494 2456; x_wconf 89' lang='lat' dir='ltr'>scripta</span> <span class='ocrx_word' id='word_1_214' title='bbox 1527 2380 1587 2438; x_wconf 88' lang='lat' dir='ltr'>sibi</span> 
     </span>
     <span class='ocr_line' id='line_1_22' title="bbox 276 2477 1587 2555; baseline 0.002 -21"><span class='ocrx_word' id='word_1_215' title='bbox 276 2477 413 2535; x_wconf 90' lang='lat' dir='ltr'>voluerit.</span> <span class='ocrx_word' id='word_1_216' title='bbox 449 2477 572 2536; x_wconf 89' lang='lat' dir='ltr'>Nullam</span> <span class='ocrx_word' id='word_1_217' title='bbox 595 2496 650 2555; x_wconf 81' lang='lat' dir='ltr'>ego</span> <span class='ocrx_word' id='word_1_218' title='bbox 673 2478 765 2536; x_wconf 90' lang='lat' dir='ltr'>aliam</span> <span class='ocrx_word' id='word_1_219' title='bbox 789 2496 908 2536; x_wconf 87' lang='lat' dir='ltr'>oausam</span> <span class='ocrx_word' id='word_1_220' title='bbox 932 2477 1018 2537; x_wconf 89' lang='lat' dir='ltr'>video</span> <span class='ocrx_word' id='word_1_221' title='bbox 1041 2479 1099 2536; x_wconf 88' lang='lat' dir='ltr'>nisi</span> <span class='ocrx_word' id='word_1_222' title='bbox 1122 2480 1213 2536; x_wconf 88' lang='lat' dir='ltr'>hanc:</span> <span class='ocrx_word' id='word_1_223' title='bbox 1237 2479 1410 2538; x_wconf 79' lang='lat' dir='ltr'>sacerdotiis</span> <span class='ocrx_word' id='word_1_224' title='bbox 1429 2477 1587 2536; x_wconf 83' lang='lat' dir='ltr'>venalibus</span> 
     </span>
     <span class='ocr_line' id='line_1_23' title="bbox 274 2567 1587 2654; baseline 0.002 -23"><span class='ocrx_word' id='word_1_225' title='bbox 274 2574 363 2635; x_wconf 86' lang='lat' dir='ltr'>factis</span> <span class='ocrx_word' id='word_1_226' title='bbox 386 2577 479 2650; x_wconf 85' lang='lat' dir='ltr'>cives,</span> <span class='ocrx_word' id='word_1_227' title='bbox 506 2576 566 2634; x_wconf 88' lang='lat' dir='ltr'>nisi</span> <span class='ocrx_word' id='word_1_228' title='bbox 594 2575 670 2635; x_wconf 80' lang='lat' dir='ltr'>forte</span> <span class='ocrx_word' id='word_1_229' title='bbox 694 2576 802 2634; x_wconf 90' lang='lat' dir='ltr'>eximia</span> <span class='ocrx_word' id='word_1_230' title='bbox 826 2577 893 2652; x_wconf 89' lang='lat' dir='ltr'>quis</span> <span class='ocrx_word' id='word_1_231' title='bbox 920 2575 1064 2654; x_wconf 85' lang='lat' dir='ltr'>religione</span> <span class='ocrx_word' id='word_1_232' title='bbox 1091 2567 1320 2653; x_wconf 76' lang='lat' dir='ltr'>impellebatur,</span> <span class='ocrx_word' id='word_1_233' title='bbox 1337 2595 1371 2634; x_wconf 90' lang='lat' dir='ltr'>ea</span> <span class='ocrx_word' id='word_1_234' title='bbox 1394 2577 1587 2652; x_wconf 84' lang='lat' dir='ltr'>potissimum</span> 
     </span>
     <span class='ocr_line' id='line_1_24' title="bbox 275 2673 1587 2750; baseline 0.002 -20"><span class='ocrx_word' id='word_1_235' title='bbox 275 2690 327 2749; x_wconf 89' lang='lat' dir='ltr'>spe</span> <span class='ocrx_word' id='word_1_236' title='bbox 350 2675 498 2750; x_wconf 87' lang='lat' dir='ltr'>emptores</span> <span class='ocrx_word' id='word_1_237' title='bbox 521 2673 669 2733; x_wconf 89' lang='lat' dir='ltr'>exstitisse</span> <span class='ocrx_word' id='word_1_238' title='bbox 697 2673 759 2732; x_wconf 84' lang='lat' dir='ltr'>fore</span> <span class='ocrx_word' id='word_1_239' title='bbox 787 2676 821 2731; x_wconf 89' lang='lat' dir='ltr'>ut</span> <span class='ocrx_word' id='word_1_240' title='bbox 849 2673 1055 2734; x_wconf 87' lang='lat' dir='ltr'>emolumentis</span> <span class='ocrx_word' id='word_1_241' title='bbox 1083 2677 1213 2735; x_wconf 87' lang='lat' dir='ltr'>muneris</span> <span class='ocrx_word' id='word_1_242' title='bbox 1236 2673 1350 2734; x_wconf 75' lang='lat' dir='ltr'>finctus</span> <span class='ocrx_word' id='word_1_243' title='bbox 1373 2677 1517 2750; x_wconf 85' lang='lat' dir='ltr'>pecuniae</span> <span class='ocrx_word' id='word_1_244' title='bbox 1540 2674 1587 2732; x_wconf 92' lang='lat' dir='ltr'>ibi</span> 
     </span>
     <span class='ocr_line' id='line_1_25' title="bbox 274 2771 1587 2849; baseline 0 -18"><span class='ocrx_word' id='word_1_245' title='bbox 274 2771 436 2831; x_wconf 90' lang='lat' dir='ltr'>collocatae</span> <span class='ocrx_word' id='word_1_246' title='bbox 469 2771 648 2848; x_wconf 90' lang='lat' dir='ltr'>reciperent,</span> <span class='ocrx_word' id='word_1_247' title='bbox 679 2771 875 2847; x_wconf 89' lang='lat' dir='ltr'>timoremque</span> <span class='ocrx_word' id='word_1_248' title='bbox 907 2790 989 2848; x_wconf 91' lang='lat' dir='ltr'>eum,</span> <span class='ocrx_word' id='word_1_249' title='bbox 1020 2791 1057 2832; x_wconf 91' lang='lat' dir='ltr'>ne</span> <span class='ocrx_word' id='word_1_250' title='bbox 1089 2791 1148 2832; x_wconf 87' lang='lat' dir='ltr'>nou</span> <span class='ocrx_word' id='word_1_251' title='bbox 1180 2771 1359 2849; x_wconf 87' lang='lat' dir='ltr'>reciperent,</span> <span class='ocrx_word' id='word_1_252' title='bbox 1397 2773 1587 2848; x_wconf 81' lang='lat' dir='ltr'>frequentiae</span> 
     </span>
     <span class='ocr_line' id='line_1_26' title="bbox 273 2869 1587 2946; baseline 0.002 -18"><span class='ocrx_word' id='word_1_253' title='bbox 273 2871 477 2946; x_wconf 89' lang='lat' dir='ltr'>empturorum</span> <span class='ocrx_word' id='word_1_254' title='bbox 504 2870 656 2930; x_wconf 89' lang='lat' dir='ltr'>obstitisse</span> <span class='ocrx_word' id='word_1_255' title='bbox 684 2873 915 2931; x_wconf 89' lang='lat' dir='ltr'>consentaneum</span> <span class='ocrx_word' id='word_1_256' title='bbox 942 2874 995 2931; x_wconf 86' lang='lat' dir='ltr'>est.</span> <span class='ocrx_word' id='word_1_257' title='bbox 1041 2869 1135 2940; x_wconf 86' lang='lat' dir='ltr'>Quem</span> <span class='ocrx_word' id='word_1_258' title='bbox 1162 2873 1299 2932; x_wconf 89' lang='lat' dir='ltr'>timorem</span> <span class='ocrx_word' id='word_1_259' title='bbox 1322 2873 1357 2930; x_wconf 92' lang='lat' dir='ltr'>ut</span> <span class='ocrx_word' id='word_1_260' title='bbox 1379 2870 1500 2930; x_wconf 89' lang='lat' dir='ltr'>tolleret</span> <span class='ocrx_word' id='word_1_261' title='bbox 1525 2889 1587 2930; x_wconf 88' lang='lat' dir='ltr'>em-</span> 
     </span>
     <span class='ocr_line' id='line_1_27' title="bbox 272 2968 1589 3046; baseline -0.001 -19"><span class='ocrx_word' id='word_1_262' title='bbox 272 2970 410 3044; x_wconf 89' lang='lat' dir='ltr'>toresque</span> <span class='ocrx_word' id='word_1_263' title='bbox 439 2968 586 3044; x_wconf 84' lang='lat' dir='ltr'>alliceret,</span> <span class='ocrx_word' id='word_1_264' title='bbox 617 2969 760 3046; x_wconf 89' lang='lat' dir='ltr'>populus,</span> <span class='ocrx_word' id='word_1_265' title='bbox 788 2988 855 3028; x_wconf 86' lang='lat' dir='ltr'>eum</span> <span class='ocrx_word' id='word_1_266' title='bbox 883 2968 1069 3029; x_wconf 88' lang='lat' dir='ltr'>condiciones</span> <span class='ocrx_word' id='word_1_267' title='bbox 1097 2968 1256 3029; x_wconf 85' lang='lat' dir='ltr'>sacerdotii</span> <span class='ocrx_word' id='word_1_268' title='bbox 1283 2968 1412 3028; x_wconf 88' lang='lat' dir='ltr'>alicuius</span> <span class='ocrx_word' id='word_1_269' title='bbox 1438 2969 1589 3028; x_wconf 88' lang='lat' dir='ltr'>vendendi</span> 
     </span>
     <span class='ocr_line' id='line_1_28' title="bbox 274 3065 1587 3144; baseline -0.001 -18"><span class='ocrx_word' id='word_1_270' title='bbox 274 3065 484 3143; x_wconf 84' lang='lat' dir='ltr'>constituebat,</span> <span class='ocrx_word' id='word_1_271' title='bbox 506 3065 635 3126; x_wconf 83' lang='lat' dir='ltr'>indicem</span> <span class='ocrx_word' id='word_1_272' title='bbox 658 3085 761 3127; x_wconf 86' lang='lat' dir='ltr'>eorum</span> <span class='ocrx_word' id='word_1_273' title='bbox 783 3067 941 3142; x_wconf 87' lang='lat' dir='ltr'>inserebat,</span> <span class='ocrx_word' id='word_1_274' title='bbox 966 3067 1017 3144; x_wconf 92' lang='lat' dir='ltr'>qui</span> <span class='ocrx_word' id='word_1_275' title='bbox 1036 3068 1139 3127; x_wconf 86' lang='lat' dir='ltr'>inille</span> <span class='ocrx_word' id='word_1_276' title='bbox 1163 3067 1275 3144; x_wconf 90' lang='lat' dir='ltr'>templo</span> <span class='ocrx_word' id='word_1_277' title='bbox 1298 3067 1471 3127; x_wconf 89' lang='lat' dir='ltr'>deberent</span> <span class='ocrx_word' id='word_1_278' title='bbox 1493 3067 1587 3127; x_wconf 89' lang='lat' dir='ltr'>sacri-</span> 
     </span>
     <span class='ocr_line' id='line_1_29' title="bbox 273 3163 1586 3244; baseline 0.003 -23"><span class='ocrx_word' id='word_1_279' title='bbox 273 3163 370 3240; x_wconf 87' lang='lat' dir='ltr'>ficare,</span> <span class='ocrx_word' id='word_1_280' title='bbox 394 3168 483 3242; x_wconf 87' lang='lat' dir='ltr'>etque</span> <span class='ocrx_word' id='word_1_281' title='bbox 507 3166 551 3224; x_wconf 88' lang='lat' dir='ltr'>ita</span> <span class='ocrx_word' id='word_1_282' title='bbox 574 3165 776 3226; x_wconf 84' lang='lat' dir='ltr'>sacerdotibus</span> <span class='ocrx_word' id='word_1_283' title='bbox 799 3168 896 3226; x_wconf 87' lang='lat' dir='ltr'>certae</span> <span class='ocrx_word' id='word_1_284' title='bbox 921 3166 1040 3240; x_wconf 90' lang='lat' dir='ltr'>quidem</span> <span class='ocrx_word' id='word_1_285' title='bbox 1063 3165 1278 3244; x_wconf 83' lang='lat' dir='ltr'>magnitudinis</span> <span class='ocrx_word' id='word_1_286' title='bbox 1301 3166 1414 3226; x_wconf 88' lang='lat' dir='ltr'>reditus</span> <span class='ocrx_word' id='word_1_287' title='bbox 1436 3183 1586 3242; x_wconf 89' lang='lat' dir='ltr'>propone-</span> 
     </span>
     <span class='ocr_line' id='line_1_30' title="bbox 272 3254 1586 3346; baseline 0.003 -26"><span class='ocrx_word' id='word_1_288' title='bbox 272 3254 362 3343; x_wconf 60' lang='lat' dir='ltr'>bald)</span> <span class='ocrx_word' id='word_1_289' title='bbox 409 3261 541 3332; x_wconf 83' lang='lat' dir='ltr'>Quacum</span> <span class='ocrx_word' id='word_1_290' title='bbox 566 3266 681 3324; x_wconf 87' lang='lat' dir='ltr'>ratione</span> <span class='ocrx_word' id='word_1_291' title='bbox 704 3267 895 3341; x_wconf 84' lang='lat' dir='ltr'>praeceptum</span> <span class='ocrx_word' id='word_1_292' title='bbox 918 3263 994 3322; x_wconf 87' lang='lat' dir='ltr'>illud</span> <span class='ocrx_word' id='word_1_293' title='bbox 1016 3264 1281 3346; x_wconf 74' lang='lat' dir='ltr'>onuaonayalottorv</span> <span class='ocrx_word' id='word_1_294' title='bbox 1303 3263 1466 3324; x_wconf 87' lang='lat' dir='ltr'>identidem</span> <span class='ocrx_word' id='word_1_295' title='bbox 1490 3265 1586 3324; x_wconf 90' lang='lat' dir='ltr'>itera·</span> 
     </span>
     <span class='ocr_line' id='line_1_31' title="bbox 273 3361 1586 3437; baseline 0.002 -18"><span class='ocrx_word' id='word_1_296' title='bbox 273 3363 339 3419; x_wconf 88' lang='lat' dir='ltr'>tum</span> <span class='ocrx_word' id='word_1_297' title='bbox 362 3361 474 3437; x_wconf 89' lang='lat' dir='ltr'>optime</span> <span class='ocrx_word' id='word_1_298' title='bbox 498 3364 645 3422; x_wconf 87' lang='lat' dir='ltr'>convenit.</span> <span class='ocrx_word' id='word_1_299' title='bbox 677 3361 809 3421; x_wconf 88' lang='lat' dir='ltr'>Verbum</span> <span class='ocrx_word' id='word_1_300' title='bbox 832 3365 909 3421; x_wconf 85' lang='lat' dir='ltr'>enirn</span> <span class='ocrx_word' id='word_1_301' title='bbox 930 3366 1049 3422; x_wconf 79' lang='lat' dir='ltr'>oauvriv</span> <span class='ocrx_word' id='word_1_302' title='bbox 1068 3361 1188 3423; x_wconf 85' lang='lat' dir='ltr'>Graecis</span> <span class='ocrx_word' id='word_1_303' title='bbox 1207 3362 1355 3423; x_wconf 88' lang='lat' dir='ltr'>artissime</span> <span class='ocrx_word' id='word_1_304' title='bbox 1374 3383 1442 3423; x_wconf 89' lang='lat' dir='ltr'>oum</span> <span class='ocrx_word' id='word_1_305' title='bbox 1459 3365 1586 3422; x_wconf 89' lang='lat' dir='ltr'>notione</span> 
     </span>
     <span class='ocr_line' id='line_1_32' title="bbox 275 3457 1586 3536; baseline 0.003 -20"><span class='ocrx_word' id='word_1_306' title='bbox 275 3457 417 3534; x_wconf 89' lang='lat' dir='ltr'>epulandi</span> <span class='ocrx_word' id='word_1_307' title='bbox 445 3461 635 3519; x_wconf 89' lang='lat' dir='ltr'>coniunctum</span> <span class='ocrx_word' id='word_1_308' title='bbox 663 3459 753 3519; x_wconf 76' lang='lat' dir='ltr'>fiisse</span> <span class='ocrx_word' id='word_1_309' title='bbox 777 3459 816 3518; x_wconf 93' lang='lat' dir='ltr'>ad</span> <span class='ocrx_word' id='word_1_310' title='bbox 838 3480 866 3518; x_wconf 93' lang='grc' dir='ltr'>ιι.</span> <span class='ocrx_word' id='word_1_311' title='bbox 889 3462 927 3519; x_wconf 83' lang='grc'>79</span> <span class='ocrx_word' id='word_1_312' title='bbox 953 3480 980 3536; x_wconf 91' lang='lat' dir='ltr'>p.</span> <span class='ocrx_word' id='word_1_313' title='bbox 1002 3460 1064 3519; x_wconf 84' lang='lat'>239</span> <span class='ocrx_word' id='word_1_314' title='bbox 1094 3460 1341 3521; x_wconf 87' lang='lat' dir='ltr'>demonstravisse</span> <span class='ocrx_word' id='word_1_315' title='bbox 1369 3461 1444 3519; x_wconf 92' lang='lat' dir='ltr'>mihi</span> <span class='ocrx_word' id='word_1_316' title='bbox 1466 3459 1586 3536; x_wconf 82' lang='lat' dir='ltr'>videor3</span> 
     </span>
     <span class='ocr_line' id='line_1_33' title="bbox 276 3557 1584 3638; baseline 0.004 -24"><span class='ocrx_word' id='word_1_317' title='bbox 276 3576 368 3632; x_wconf 90' lang='lat' dir='ltr'>qnare</span> <span class='ocrx_word' id='word_1_318' title='bbox 392 3557 470 3618; x_wconf 87' lang='lat' dir='ltr'>sicut</span> <span class='ocrx_word' id='word_1_319' title='bbox 492 3558 573 3618; x_wconf 89' lang='lat' dir='ltr'>illius</span> <span class='ocrx_word' id='word_1_320' title='bbox 591 3562 750 3636; x_wconf 87' lang='lat' dir='ltr'>praecepto</span> <span class='ocrx_word' id='word_1_321' title='bbox 769 3561 876 3617; x_wconf 76' lang='grc' dir='ltr'><strong><em>σκανὲν</em></strong></span> <span class='ocrx_word' id='word_1_322' title='bbox 894 3559 938 3616; x_wconf 90' lang='lat' dir='ltr'>ita</span> <span class='ocrx_word' id='word_1_323' title='bbox 956 3557 1013 3617; x_wconf 92' lang='lat' dir='ltr'>hoc</span> <span class='ocrx_word' id='word_1_324' title='bbox 1031 3559 1276 3638; x_wconf 76' lang='grc' dir='ltr'><strong><em>σκανοπαγείσθω</em></strong></span> <span class='ocrx_word' id='word_1_325' title='bbox 1294 3577 1326 3616; x_wconf 88' lang='lat' dir='ltr'>re</span> <span class='ocrx_word' id='word_1_326' title='bbox 1344 3579 1416 3620; x_wconf 84' lang='lat' dir='ltr'>vera</span> <span class='ocrx_word' id='word_1_327' title='bbox 1432 3559 1464 3619; x_wconf 92' lang='lat' dir='ltr'>id</span> <span class='ocrx_word' id='word_1_328' title='bbox 1484 3563 1584 3619; x_wconf 78' lang='lat' dir='ltr'>actim</span> 
     </span>
     <span class='ocr_line' id='line_1_34' title="bbox 274 3656 1586 3732; baseline 0.002 -18"><span class='ocrx_word' id='word_1_329' title='bbox 274 3673 392 3732; x_wconf 90' lang='lat' dir='ltr'>censeo,</span> <span class='ocrx_word' id='word_1_330' title='bbox 419 3659 456 3715; x_wconf 89' lang='lat' dir='ltr'>at</span> <span class='ocrx_word' id='word_1_331' title='bbox 477 3656 515 3731; x_wconf 90' lang='lat' dir='ltr'>ii,</span> <span class='ocrx_word' id='word_1_332' title='bbox 543 3657 594 3732; x_wconf 89' lang='lat' dir='ltr'>qui</span> <span class='ocrx_word' id='word_1_333' title='bbox 618 3674 703 3716; x_wconf 80' lang='lat' dir='ltr'>sacre</span> <span class='ocrx_word' id='word_1_334' title='bbox 725 3657 871 3730; x_wconf 86' lang='lat' dir='ltr'>fecerant,</span> <span class='ocrx_word' id='word_1_335' title='bbox 898 3656 929 3714; x_wconf 90' lang='lat' dir='ltr'>in</span> <span class='ocrx_word' id='word_1_336' title='bbox 957 3657 1023 3732; x_wconf 90' lang='lat' dir='ltr'>ipso</span> <span class='ocrx_word' id='word_1_337' title='bbox 1046 3657 1115 3717; x_wconf 85' lang='lat' dir='ltr'>fauo</span> <span class='ocrx_word' id='word_1_338' title='bbox 1139 3656 1242 3732; x_wconf 84' lang='lat' dir='ltr'>epulas</span> <span class='ocrx_word' id='word_1_339' title='bbox 1269 3675 1367 3716; x_wconf 88' lang='lat' dir='ltr'>sacras</span> <span class='ocrx_word' id='word_1_340' title='bbox 1390 3658 1586 3717; x_wconf 87' lang='lat' dir='ltr'>instituerent</span> 
     </span>
     <span class='ocr_line' id='line_1_35' title="bbox 275 3747 1584 3832; baseline 0.003 -22"><span class='ocrx_word' id='word_1_341' title='bbox 275 3771 329 3812; x_wconf 92' lang='lat' dir='ltr'>nec</span> <span class='ocrx_word' id='word_1_342' title='bbox 352 3771 454 3814; x_wconf 83' lang='lat' dir='ltr'>onmes</span> <span class='ocrx_word' id='word_1_343' title='bbox 473 3754 665 3814; x_wconf 89' lang='lat' dir='ltr'>victimarum</span> <span class='ocrx_word' id='word_1_344' title='bbox 683 3755 805 3814; x_wconf 89' lang='lat' dir='ltr'>domum</span> <span class='ocrx_word' id='word_1_345' title='bbox 823 3757 1021 3832; x_wconf 83' lang='lat' dir='ltr'>asportarent,</span> <span class='ocrx_word' id='word_1_346' title='bbox 1044 3755 1076 3813; x_wconf 93' lang='lat' dir='ltr'>id</span> <span class='ocrx_word' id='word_1_347' title='bbox 1096 3755 1175 3830; x_wconf 91' lang='lat' dir='ltr'>quod</span> <span class='ocrx_word' id='word_1_348' title='bbox 1193 3773 1253 3814; x_wconf 92' lang='lat' dir='ltr'>non</span> <span class='ocrx_word' id='word_1_349' title='bbox 1271 3773 1330 3814; x_wconf 92' lang='lat' dir='ltr'>nno</span> <span class='ocrx_word' id='word_1_350' title='bbox 1349 3757 1469 3815; x_wconf 90' lang='lat' dir='ltr'>nomine</span> <span class='ocrx_word' id='word_1_351' title='bbox 1487 3747 1584 3814; x_wconf 87' lang='lat' dir='ltr'>sacer-</span> 
     </span>
     <span class='ocr_line' id='line_1_36' title="bbox 276 3850 752 3928; baseline 0 -18"><span class='ocrx_word' id='word_1_352' title='bbox 276 3850 341 3910; x_wconf 89' lang='lat' dir='ltr'>doti</span> <span class='ocrx_word' id='word_1_353' title='bbox 363 3851 517 3912; x_wconf 90' lang='lat' dir='ltr'>commodo</span> <span class='ocrx_word' id='word_1_354' title='bbox 540 3869 603 3912; x_wconf 91' lang='lat' dir='ltr'>esse</span> <span class='ocrx_word' id='word_1_355' title='bbox 624 3855 752 3928; x_wconf 89' lang='lat' dir='ltr'>poterat.</span> 
     </span>
    </p>

    <p class='ocr_par' dir='ltr' id='par_1_8' title="bbox 274 3948 1587 4322">
     <span class='ocr_line' id='line_1_37' title="bbox 363 3948 1585 4028; baseline 0.003 -20"><span class='ocrx_word' id='word_1_356' title='bbox 363 3949 470 4010; x_wconf 84' lang='lat' dir='ltr'>Restat</span> <span class='ocrx_word' id='word_1_357' title='bbox 493 3952 527 4010; x_wconf 91' lang='lat' dir='ltr'>ut</span> <span class='ocrx_word' id='word_1_358' title='bbox 545 3969 731 4028; x_wconf 88' lang='lat' dir='ltr'>quaeramus,</span> <span class='ocrx_word' id='word_1_359' title='bbox 755 3948 792 4010; x_wconf 89' lang='lat' dir='ltr'>ed</span> <span class='ocrx_word' id='word_1_360' title='bbox 811 3952 895 4011; x_wconf 88' lang='lat' dir='ltr'>cuius</span> <span class='ocrx_word' id='word_1_361' title='bbox 914 3948 961 4011; x_wconf 91' lang='lat' dir='ltr'>dei</span> <span class='ocrx_word' id='word_1_362' title='bbox 980 3969 1065 4011; x_wconf 86' lang='lat' dir='ltr'>sacra</span> <span class='ocrx_word' id='word_1_363' title='bbox 1082 3951 1155 4010; x_wconf 86' lang='lat' dir='ltr'>haec</span> <span class='ocrx_word' id='word_1_364' title='bbox 1174 3951 1274 4011; x_wconf 91' lang='lat' dir='ltr'>omnia</span> <span class='ocrx_word' id='word_1_365' title='bbox 1291 3952 1470 4028; x_wconf 89' lang='lat' dir='ltr'>pertineant.</span> <span class='ocrx_word' id='word_1_366' title='bbox 1507 3951 1585 4012; x_wconf 77' lang='lat' dir='ltr'>Cum</span> 
     </span>
     <span class='ocr_line' id='line_1_38' title="bbox 276 4041 1587 4126; baseline 0.002 -20"><span class='ocrx_word' id='word_1_367' title='bbox 276 4047 345 4106; x_wconf 92' lang='lat' dir='ltr'>inde</span> <span class='ocrx_word' id='word_1_368' title='bbox 365 4065 383 4106; x_wconf 90' lang='lat' dir='ltr'>a</span> <span class='ocrx_word' id='word_1_369' title='bbox 402 4069 429 4108; x_wconf 89' lang='lat' dir='ltr'>v.</span> <span class='ocrx_word' id='word_1_370' title='bbox 447 4049 486 4107; x_wconf 89' lang='grc'>16</span> <span class='ocrx_word' id='word_1_371' title='bbox 511 4067 596 4108; x_wconf 89' lang='lat' dir='ltr'>sacra</span> <span class='ocrx_word' id='word_1_372' title='bbox 614 4047 784 4126; x_wconf 81' lang='grc' dir='ltr'><strong><em>Ποτειὸἄνι,</em></strong></span> <span class='ocrx_word' id='word_1_373' title='bbox 802 4050 878 4126; x_wconf 82' lang='grc' dir='ltr'><strong><em>Κῶν,</em></strong></span> <span class='ocrx_word' id='word_1_374' title='bbox 897 4041 997 4109; x_wconf 78' lang='lat' dir='ltr'>‘Fidon</span> <span class='ocrx_word' id='word_1_375' title='bbox 1016 4048 1081 4108; x_wconf 89' lang='lat' dir='ltr'>fieri</span> <span class='ocrx_word' id='word_1_376' title='bbox 1097 4048 1267 4124; x_wconf 89' lang='lat' dir='ltr'>iubeantur,</span> <span class='ocrx_word' id='word_1_377' title='bbox 1289 4049 1328 4108; x_wconf 85' lang='lat' dir='ltr'>ad</span> <span class='ocrx_word' id='word_1_378' title='bbox 1346 4049 1481 4126; x_wconf 86' lang='lat' dir='ltr'>Neptuni</span> <span class='ocrx_word' id='word_1_379' title='bbox 1498 4068 1587 4109; x_wconf 83' lang='lat' dir='ltr'>sacra</span> 
     </span>
     <span class='ocr_line' id='line_1_39' title="bbox 274 4145 1586 4226; baseline 0.003 -23"><span class='ocrx_word' id='word_1_380' title='bbox 274 4145 371 4222; x_wconf 84' lang='lat' dir='ltr'>legem</span> <span class='ocrx_word' id='word_1_381' title='bbox 397 4146 508 4206; x_wconf 80' lang='lat' dir='ltr'>referre</span> <span class='ocrx_word' id='word_1_382' title='bbox 535 4148 666 4223; x_wconf 90' lang='lat' dir='ltr'>proclive</span> <span class='ocrx_word' id='word_1_383' title='bbox 694 4149 816 4206; x_wconf 87' lang='lat' dir='ltr'>estnec</span> <span class='ocrx_word' id='word_1_384' title='bbox 839 4149 939 4205; x_wconf 88' lang='lat' dir='ltr'>tamen</span> <span class='ocrx_word' id='word_1_385' title='bbox 962 4149 1084 4206; x_wconf 87' lang='lat' dir='ltr'>certum.</span> <span class='ocrx_word' id='word_1_386' title='bbox 1129 4147 1224 4208; x_wconf 86' lang='lat' dir='ltr'>Immo</span> <span class='ocrx_word' id='word_1_387' title='bbox 1248 4149 1285 4208; x_wconf 94' lang='lat' dir='ltr'>ob</span> <span class='ocrx_word' id='word_1_388' title='bbox 1308 4149 1340 4208; x_wconf 94' lang='lat' dir='ltr'>id</span> <span class='ocrx_word' id='word_1_389' title='bbox 1363 4148 1474 4226; x_wconf 89' lang='lat' dir='ltr'>ipsum,</span> <span class='ocrx_word' id='word_1_390' title='bbox 1504 4147 1586 4224; x_wconf 88' lang='lat' dir='ltr'>quod</span> 
     </span>
     <span class='ocr_line' id='line_1_40' title="bbox 275 4244 1587 4322; baseline 0.001 -19"><span class='ocrx_word' id='word_1_391' title='bbox 275 4263 302 4302; x_wconf 89' lang='lat' dir='ltr'>v.</span> <span class='ocrx_word' id='word_1_392' title='bbox 319 4245 359 4303; x_wconf 89' lang='grc'>16</span> <span class='ocrx_word' id='word_1_393' title='bbox 383 4244 503 4304; x_wconf 89' lang='lat' dir='ltr'>demum</span> <span class='ocrx_word' id='word_1_394' title='bbox 525 4245 598 4304; x_wconf 88' lang='lat' dir='ltr'>haec</span> <span class='ocrx_word' id='word_1_395' title='bbox 616 4246 738 4304; x_wconf 86' lang='lat' dir='ltr'>nomina</span> <span class='ocrx_word' id='word_1_396' title='bbox 761 4255 917 4321; x_wconf 85' lang='lat' dir='ltr'>apparent,</span> <span class='ocrx_word' id='word_1_397' title='bbox 939 4264 1029 4321; x_wconf 85' lang='lat' dir='ltr'>supra</span> <span class='ocrx_word' id='word_1_398' title='bbox 1053 4246 1147 4305; x_wconf 89' lang='lat' dir='ltr'>alium</span> <span class='ocrx_word' id='word_1_399' title='bbox 1170 4246 1258 4306; x_wconf 92' lang='lat' dir='ltr'>deum</span> <span class='ocrx_word' id='word_1_400' title='bbox 1276 4249 1462 4307; x_wconf 87' lang='lat' dir='ltr'>nominatum</span> <span class='ocrx_word' id='word_1_401' title='bbox 1482 4247 1587 4322; x_wconf 87' lang='lat' dir='ltr'>fuisse,</span> 
     </span>
    </p>
   </div>
   <div class='ocr_carea' id='block_1_7' title="bbox 275 4336 1588 4425">
    <p class='ocr_par' dir='ltr' id='par_1_9' title="bbox 275 4336 1588 4425">
     <span class='ocr_line' id='line_1_41' title="bbox 275 4336 1588 4425; baseline 0.003 -27"><span class='ocrx_word' id='word_1_402' title='bbox 275 4341 324 4400; x_wconf 93' lang='lat' dir='ltr'>cui</span> <span class='ocrx_word' id='word_1_403' title='bbox 346 4342 505 4418; x_wconf 85' lang='lat' dir='ltr'>Neptunus</span> <span class='ocrx_word' id='word_1_404' title='bbox 524 4336 677 4425; x_wconf 83' lang='lat' dir='ltr'>Rhodus⁸)</span> <span class='ocrx_word' id='word_1_405' title='bbox 700 4341 756 4402; x_wconf 82' lang='lat' dir='ltr'>Oos</span> <span class='ocrx_word' id='word_1_406' title='bbox 779 4347 933 4419; x_wconf 84' lang='lat' dir='ltr'>tamquam</span> <span class='ocrx_word' id='word_1_407' title='bbox 957 4342 1081 4404; x_wconf 79' lang='grc' dir='ltr'><strong><em>σύνναοι</em></strong></span> <span class='ocrx_word' id='word_1_408' title='bbox 1104 4345 1345 4422; x_wconf 84' lang='lat' dir='ltr'>adiungerentur,</span> <span class='ocrx_word' id='word_1_409' title='bbox 1368 4345 1531 4422; x_wconf 80' lang='lat' dir='ltr'>collegeris,</span> <span class='ocrx_word' id='word_1_410' title='bbox 1553 4349 1588 4403; x_wconf 89' lang='lat' dir='ltr'>et</span> 
     </span>
    </p>
   </div>
   <div class='ocr_carea' id='block_1_8' title="bbox 276 4539 1587 5012">
    <p class='ocr_par' dir='ltr' id='par_1_10' title="bbox 276 4539 1587 4765">
     <span class='ocr_line' id='line_1_42' title="bbox 365 4539 1587 4612; baseline 0.004 -21"><span class='ocrx_word' id='word_1_411' title='bbox 365 4541 392 4608; x_wconf 84' lang='lat'>6)</span> <span class='ocrx_word' id='word_1_412' title='bbox 421 4554 488 4592; x_wconf 85' lang='lat' dir='ltr'>sane</span> <span class='ocrx_word' id='word_1_413' title='bbox 507 4539 594 4594; x_wconf 88' lang='lat' dir='ltr'>etiam</span> <span class='ocrx_word' id='word_1_414' title='bbox 611 4539 642 4593; x_wconf 92' lang='lat' dir='ltr'>in</span> <span class='ocrx_word' id='word_1_415' title='bbox 662 4540 774 4594; x_wconf 87' lang='lat' dir='ltr'>decreto</span> <span class='ocrx_word' id='word_1_416' title='bbox 794 4539 829 4595; x_wconf 90' lang='lat' dir='ltr'>de</span> <span class='ocrx_word' id='word_1_417' title='bbox 847 4540 999 4595; x_wconf 88' lang='lat' dir='ltr'>donatione</span> <span class='ocrx_word' id='word_1_418' title='bbox 1014 4540 1159 4610; x_wconf 85' lang='lat' dir='ltr'>Pythoclia</span> <span class='ocrx_word' id='word_1_419' title='bbox 1177 4541 1253 4596; x_wconf 85' lang='lat' dir='ltr'>facto</span> <span class='ocrx_word' id='word_1_420' title='bbox 1272 4544 1310 4612; x_wconf 90' lang='lat' dir='ltr'>(n.</span> <span class='ocrx_word' id='word_1_421' title='bbox 1326 4543 1388 4611; x_wconf 80' lang='grc'><strong>131)</strong></span> <span class='ocrx_word' id='word_1_422' title='bbox 1406 4541 1491 4596; x_wconf 88' lang='lat' dir='ltr'>index</span> <span class='ocrx_word' id='word_1_423' title='bbox 1505 4542 1587 4596; x_wconf 84' lang='lat' dir='ltr'>sirni-</span> 
     </span>
     <span class='ocr_line' id='line_1_43' title="bbox 276 4615 1587 4692; baseline 0.008 -24"><span class='ocrx_word' id='word_1_424' title='bbox 276 4615 311 4669; x_wconf 86' lang='lat' dir='ltr'>lis</span> <span class='ocrx_word' id='word_1_425' title='bbox 330 4616 411 4672; x_wconf 86' lang='lat' dir='ltr'>inest.</span> <span class='ocrx_word' id='word_1_426' title='bbox 449 4619 583 4674; x_wconf 79' lang='lat' dir='ltr'>Attamen</span> <span class='ocrx_word' id='word_1_427' title='bbox 600 4619 709 4689; x_wconf 87' lang='lat' dir='ltr'>titulos,</span> <span class='ocrx_word' id='word_1_428' title='bbox 728 4619 763 4674; x_wconf 90' lang='lat' dir='ltr'>dc</span> <span class='ocrx_word' id='word_1_429' title='bbox 783 4621 884 4689; x_wconf 77' lang='lat' dir='ltr'>quibus</span> <span class='ocrx_word' id='word_1_430' title='bbox 904 4622 934 4675; x_wconf 92' lang='lat' dir='ltr'>in</span> <span class='ocrx_word' id='word_1_431' title='bbox 952 4623 1031 4676; x_wconf 87' lang='lat' dir='ltr'>textu</span> <span class='ocrx_word' id='word_1_432' title='bbox 1050 4621 1157 4692; x_wconf 83' lang='lat' dir='ltr'>agitur,</span> <span class='ocrx_word' id='word_1_433' title='bbox 1183 4621 1220 4677; x_wconf 83' lang='lat' dir='ltr'>ud</span> <span class='ocrx_word' id='word_1_434' title='bbox 1239 4621 1405 4677; x_wconf 86' lang='lat' dir='ltr'>donationes</span> <span class='ocrx_word' id='word_1_435' title='bbox 1424 4638 1480 4677; x_wconf 91' lang='lat' dir='ltr'>non</span> <span class='ocrx_word' id='word_1_436' title='bbox 1498 4621 1587 4678; x_wconf 79' lang='lat' dir='ltr'>facilc</span> 
     </span>
     <span class='ocr_line' id='line_1_44' title="bbox 277 4696 1482 4765; baseline 0.009 -16"><span class='ocrx_word' id='word_1_437' title='bbox 277 4696 425 4765; x_wconf 87' lang='lat' dir='ltr'>quiequam</span> <span class='ocrx_word' id='word_1_438' title='bbox 443 4698 554 4754; x_wconf 84' lang='lat' dir='ltr'>referet.</span> <span class='ocrx_word' id='word_1_439' title='bbox 1479 4717 1482 4724; x_wconf 81' lang='grc'><em>’</em></span> 
     </span>
    </p>

    <p class='ocr_par' dir='ltr' id='par_1_11' title="bbox 278 4778 1587 4927">
     <span class='ocr_line' id='line_1_45' title="bbox 367 4778 1587 4855; baseline 0.007 -24"><span class='ocrx_word' id='word_1_440' title='bbox 367 4780 392 4848; x_wconf 79' lang='grc'>7)</span> <span class='ocrx_word' id='word_1_441' title='bbox 420 4795 447 4832; x_wconf 94' lang='lat' dir='ltr'>n.</span> <span class='ocrx_word' id='word_1_442' title='bbox 464 4783 515 4832; x_wconf 76' lang='lat'>14⁰</span> <span class='ocrx_word' id='word_1_443' title='bbox 534 4797 557 4835; x_wconf 84' lang='lat' dir='ltr'>v.</span> <span class='ocrx_word' id='word_1_444' title='bbox 573 4785 608 4834; x_wconf 78' lang='lat'>20</span> <span class='ocrx_word' id='word_1_445' title='bbox 630 4778 695 4835; x_wconf 92' lang='lat' dir='ltr'>ideo</span> <span class='ocrx_word' id='word_1_446' title='bbox 719 4780 823 4836; x_wconf 87' lang='lat' dir='ltr'>diserte</span> <span class='ocrx_word' id='word_1_447' title='bbox 842 4782 958 4836; x_wconf 89' lang='lat' dir='ltr'>additur</span> <span class='ocrx_word' id='word_1_448' title='bbox 976 4783 1025 4838; x_wconf 75' lang='lat' dir='ltr'>aul</span> <span class='ocrx_word' id='word_1_449' title='bbox 1043 4782 1079 4836; x_wconf 81' lang='grc' dir='ltr'>τὰ</span> <span class='ocrx_word' id='word_1_450' title='bbox 1097 4781 1163 4854; x_wconf 71' lang='grc' dir='ltr'>γένη</span> <span class='ocrx_word' id='word_1_451' title='bbox 1183 4780 1310 4855; x_wconf 66' lang='grc' dir='ltr'>διδότῂι]</span> <span class='ocrx_word' id='word_1_452' title='bbox 1328 4783 1400 4838; x_wconf 74' lang='grc' dir='ltr'>κατὰ</span> <span class='ocrx_word' id='word_1_453' title='bbox 1418 4783 1453 4838; x_wconf 77' lang='grc' dir='ltr'>τὰ</span> <span class='ocrx_word' id='word_1_454' title='bbox 1472 4803 1547 4854; x_wconf 68' lang='lat' dir='ltr'>pepo.</span> <span class='ocrx_word' id='word_1_455' title='bbox 1568 4783 1587 4855; x_wconf 80' lang='grc' dir='ltr'><strong>ἦ</strong></span> 
     </span>
     <span class='ocr_line' id='line_1_46' title="bbox 278 4855 703 4927; baseline 0.014 -18"><span class='ocrx_word' id='word_1_456' title='bbox 278 4855 446 4912; x_wconf 65' lang='lat' dir='ltr'>decrevitur</span> <span class='ocrx_word' id='word_1_457' title='bbox 463 4867 512 4913; x_wconf 82' lang='grc' dir='ltr'>τῶν</span> <span class='ocrx_word' id='word_1_458' title='bbox 535 4859 638 4927; x_wconf 76' lang='lat' dir='ltr'>lspetL</span> <span class='ocrx_word' id='word_1_459' title='bbox 663 4859 703 4916; x_wconf 78' lang='grc' dir='ltr'>ν’.</span> 
     </span>
    </p>

    <p class='ocr_par' dir='ltr' id='par_1_12' title="bbox 367 4937 1291 5012">
     <span class='ocr_line' id='line_1_47' title="bbox 367 4937 1291 5012; baseline 0.011 -24"><span class='ocrx_word' id='word_1_460' title='bbox 367 4939 394 5006; x_wconf 84' lang='grc'>8)</span> <span class='ocrx_word' id='word_1_461' title='bbox 421 4937 550 4993; x_wconf 88' lang='lat' dir='ltr'>Rhodum</span> <span class='ocrx_word' id='word_1_462' title='bbox 571 4939 643 4994; x_wconf 84' lang='lat' dir='ltr'>Solis</span> <span class='ocrx_word' id='word_1_463' title='bbox 663 4942 811 5012; x_wconf 84' lang='lat' dir='ltr'>coniugem</span> <span class='ocrx_word' id='word_1_464' title='bbox 830 4943 940 4997; x_wconf 89' lang='lat' dir='ltr'>inducit</span> <span class='ocrx_word' id='word_1_465' title='bbox 958 4943 1015 4998; x_wconf 88' lang='lat' dir='ltr'>iam</span> <span class='ocrx_word' id='word_1_466' title='bbox 1034 4942 1291 5000; x_wconf 81' lang='lat' dir='ltr'>Pind.01.v11v1.</span> 
     </span>
    </p>
   </div>
   <div class='ocr_carea' id='block_1_9' title="bbox 0 0 1722 5464">
    <p class='ocr_par' dir='ltr' id='par_1_13' title="bbox 0 0 1722 5464">
     <span class='ocr_line' id='line_1_48' title="bbox 0 0 1722 5464; baseline 0 0"><span class='ocrx_word' id='word_1_467' title='bbox 0 0 1722 5464; x_wconf 95' lang='lat' dir='ltr'> </span> 
     </span>
    </p>
   </div>
  </div>
 </body>
</html>
  </div>
 </body>
</html>
