3424 5462
670 333 875 390 DELPfflcau
894 353 920 390 n.
938 340 979 390 74.
1386 336 1453 402 225

137 506 215 566 mihi
244 505 359 578 videor,
396 503 545 583 προθύειν
571 523 638 564 cum
671 505 809 582 genetivo
842 505 1031 564 coniunctum
1067 523 1126 565 non
1158 505 1216 565 nisi
1243 505 1280 566 de
1307 505 1453 567 sacrificio

139 605 210 662 ante
234 603 367 679 aliquam
394 621 457 662 rem
484 603 654 682 peragendo
682 594 907 683 usurpatur⁴⁴);
939 602 1177 680 coniungendum
1204 603 1299 683 igitur
1326 607 1371 664 est
1398 604 1453 683 τὸμ

138 699 315 782 προθύονται
343 718 410 760 cum
438 701 577 777 genetivo
605 699 726 760 πάντων
754 697 804 760 καί
830 699 940 760 ίιδίοιν
967 697 1017 760 καὶ
1047 699 1199 778 δημοσίων
1221 703 1378 779 totumque
1408 703 1453 762 ita

138 797 412 876 interpretandum:
437 793 479 857 ‘ia
501 800 552 872 qai
574 801 642 858 aare
665 800 726 858 sive
743 801 896 873 moutam
917 801 979 859 sice
990 799 1142 872 publicam
1161 817 1283 860 causam
1309 802 1328 859 ί.
1348 818 1369 861 c.
1394 803 1454 861 sive

133 900 279 974 privatim
310 899 371 956 sice
396 896 515 969 police
545 913 634 956 sacra
664 897 738 969 facit
769 901 795 956 ct
826 897 978 956 ονοοαίιιοι
1005 887 1144 977 odit.'⁴⁶)
1198 897 1235 957 Id
1266 899 1346 975 quod
1373 917 1452 958 com·

139 999 280 1074 paratum
313 1013 380 1054 cum
411 994 463 1069 iia,
494 994 640 1070 quae·de
667 995 758 1055 verbo
789 992 925 1075 παρέχειν
957 997 1064 1070 staturi,
1095 1015 1158 1055 rem
1189 998 1235 1056 ita
1266 997 1328 1056 fere
1360 999 1452 1057 fuisse

139 1094 261 1172 probat:
285 1093 521 1171 quandocunque
538 1091 682 1168 Labyada
705 1093 816 1169 aliquis
835 1092 898 1152 aive
920 1093 1040 1169 publice
1058 1093 1121 1153 eive
1139 1094 1282 1170 privatim
1301 1096 1454 1155 oraculum

140 1192 245 1253 adibat
280 1191 382 1268 ibique
413 1191 550 1266 Apollini
586 1189 774 1251 sacrificabat
810 1223 854 1233 —
888 1191 1051 1268 participia
1084 1191 1260 1272 προθύραια
1296 1190 1346 1252 καί
1382 1214 1455 1272 προ-

139 1288 361 1370 μαντευόμενον
382 1287 421 1347 ad
444 1289 568 1348 eandem
591 1289 775 1350 occasionem
797 1289 902 1349 referri
924 1290 972 1348 vel
995 1289 1140 1350 articulus
1164 1291 1259 1350 altero
1281 1292 1347 1351 loco
1366 1295 1455 1351 omis·

140 1407 190 1452 sue
206 1387 338 1450 ostendit
355 1419 395 1462 -,
408 1386 548 1466 Buzygae
563 1405 691 1462 quoque,
702 1386 914 1464 Labyadarum
926 1389 1080 1464 patronae,
1095 1405 1181 1448 sacra
1195 1388 1342 1466 quaedam
1356 1389 1455 1450 offerri

141 1489 188 1548 fas
211 1489 285 1562 erat,
308 1503 386 1562 quae
409 1483 488 1545 idem
511 1484 654 1562 Labyada
681 1485 733 1544 ille
760 1485 902 1562 praebere
930 1483 1070 1562 debebat;
1099 1503 1135 1545 ac
1162 1487 1304 1562 quoniam
1325 1489 1455 1564 pristina
1573 1477 1575 1484 ’

141 1587 303 1663 praecepte
324 1583 393 1659 rupi
415 1583 510 1643 incisa
532 1582 588 1642 hac
610 1583 676 1662 lege
699 1584 803 1660 aliqua
825 1602 860 1643 er
883 1585 969 1659 parte
991 1585 1109 1642 mutata
1132 1601 1195 1644 esse
1217 1583 1359 1644 videntur
1377 1579 1456 1667 (τοῖα

141 1679 173 1743 δὲ
197 1679 259 1761 κίγμ
279 1683 316 1740 Φ.
339 1713 375 1722 -
397 1713 442 1722 -
462 1676 482 1740 ἃ
506 1675 538 1740 δὲ
560 1671 646 1762 καί),
669 1683 792 1759 origine,
815 1699 882 1740 cum
905 1680 1049 1757 publice
1072 1679 1217 1758 Labyada
1241 1683 1349 1759 eliquia
1372 1682 1456 1743 velut

140 1783 338 1860 magistratus
361 1778 562 1854 sacrificabat,
590 1797 676 1840 sacra
697 1780 838 1858 Buzyges
866 1778 968 1839 debita
989 1779 1110 1856 publico
1138 1783 1260 1858 sumptu
1283 1785 1456 1859 comparata

141 1897 214 1956 esse,
247 1881 352 1956 postea
383 1879 483 1955 ipsum
513 1879 601 1937 ilium
630 1871 840 1956 magistratum
872 1896 908 1936 ea
934 1877 1124 1960 phrateribua
1152 1878 1293 1955 praebere
1320 1879 1456 1940 debuisse

142 1978 271 2052 conicio,
298 1976 376 2035 unde
399 1977 491 2035 etiam
513 1975 624 2052 positio
647 1976 773 2056 insignis
796 1975 955 2036 verborum
982 1975 1103 2036 πάντων
1124 1974 1175 2037 καί
1196 1976 1307 2038 deditos
1329 1975 1379 2038 καί
1403 1978 1456 2038 δα-

143 2076 257 2154 μοσίων
284 2078 315 2134 et
342 2074 450 2150 duplex
477 2073 555 2133 illud
581 2073 634 2132 καί
659 2074 811 2134 commode
833 2075 1028 2153 intellegitur.
1074 2073 1226 2136 Hactenus
1253 2078 1355 2137 omnia
1377 2077 1458 2136 inter

143 2192 174 2235 se
197 2175 273 2233 satis
291 2173 449 2232 convenire
466 2163 597 2252 purat),
620 2171 849 2232 difficultatibus
870 2173 1070 2249 implicamur,
1093 2171 1146 2231 ubi
1164 2173 1196 2233 in
1214 2192 1298 2234 sacra
1317 2175 1456 2254 Buzyges

144 2269 295 2332 offerenda
322 2269 509 2346 inquirimus.
555 2269 648 2330 Velut
675 2273 701 2331 si
728 2271 866 2347 phratria
888 2269 1075 2331 δοωὸειιαΐδα
1097 2271 1233 2349 Apollini
1260 2271 1458 2347 sacrificabat,

144 2389 179 2430 ex
198 2389 234 2430 ea
253 2387 374 2445 capram
388 2367 528 2446 Buzygae
547 2369 635 2446 seligi
653 2369 774 2428 solitam
793 2386 856 2429 esse
874 2369 963 2428 facile
981 2367 1192 2446 intellegimus,
1210 2370 1262 2430 sed
1276 2371 1457 2446 quomodoa

143 2469 263 2545 privato
270 2468 400 2544 homine,
408 2467 460 2543 qui
469 2485 562 2526 unam
571 2468 678 2543 opinor
686 2468 817 2527 hostiam
827 2467 993 2528 sacrificare
1003 2466 1127 2542 solebat,
1136 2462 1316 2548 ἡμιρρήνιον
1325 2471 1458 2547 potuerit

144 2566 301 2644 postulari,
324 2583 383 2624 non
406 2565 488 2624 item.
533 2563 591 2624 Sed
614 2564 776 2624 tenendum
798 2566 938 2626 existimo
960 2583 1112 2626 sacrorum
1134 2565 1190 2625 illa
1212 2569 1334 2625 nomina
1357 2569 1458 2627 onmia

145 2761 223 2822 unde
247 2761 283 2822 de
306 2763 395 2820 certis
418 2760 597 2836 quibusdam
626 2764 656 2820 et
683 2762 771 2821 statis
799 2761 953 2822 sacrificiis
976 2763 1027 2839 agi
1054 2760 1177 2840 colligo,
1204 2761 1235 2820 id
1264 2761 1458 2838 quodetiam

144 2869 196 2932 τᾶς
219 2858 421 2932 ὁοωὸειιαΐδος
442 2861 593 2918 mentione
616 2858 775 2936 probatum
798 2859 834 2920 de
856 2858 960 2919 eodem
979 2859 1058 2920 enim
1077 2861 1157 2920 stato
1176 2859 1322 2921 sacrificio
1340 2861 1389 2922 hic
1408 2863 1458 2941 agi

145 2961 237 3035 atque
260 2958 291 3016 in
314 2957 413 3018 titulis
434 2959 467 3016 in
489 2957 632 3017 thesauro
650 2957 879 3017 Atheniensium
897 2957 1043 3035 Delphico
1061 2958 1188 3034 repertis
1207 2961 1270 3017 veri
1289 2960 1385 3019 simile
1404 2963 1458 3034 est,

145 3057 182 3117 cf.
202 3055 305 3117 ΒΘΗ
323 3055 378 3114 XX
405 3075 434 3132 p.
455 3057 519 3115 709
548 3052 597 3115 ἐπί
624 3051 765 3135 ίίρχοντος
792 3051 824 3114 ἐν
846 3059 977 3132 Δελφοῖς
1000 3052 1165 3136 Ἀντιγένοο
1194 3089 1235 3098 -
1261 3089 1303 3098 -
1330 3089 1368 3099 -
1398 3057 1459 3118 οἵδε

145 3151 260 3234 ἤγαγον
287 3153 343 3232 τὴν
371 3153 538 3232 δωδεκῆιδα
568 3157 599 3214 et
622 3174 650 3230 p.
671 3154 734 3212 715
763 3150 827 3229 ἐμοὶ
850 3152 1074 3232 Αὐτοκράτορος
1096 3147 1262 3234 Καίσαρο[ς
1290 3152 1459 3234 Σεβ]αστοῦ

146 3246 359 3331 Δ[ομι]τιοινοῦ
382 3281 426 3292 -
450 3281 492 3292 -
515 3283 560 3292 —
588 3250 649 3311 oi'de
676 3240 774 3329 ἦλθον
801 3245 977 3331 [operosae
1006 3249 1061 3329 τὴν
1090 3250 1245 3334 δωδεκῇδα
1271 3251 1460 3333 βούπρῳρον,

146 3349 199 3409 ubi
235 3348 415 3410 sacrificium
452 3348 618 3426 quibusque
655 3348 772 3424 Pythiis
810 3348 934 3425 Delphis
971 3349 1142 3408 faciendum
1174 3349 1386 3429 Dittenberger
1422 3351 1460 3410 ad

145 3439 231 3523 syla*
262 3439 373 3529 28147)
409 3466 463 3507 suo
495 3449 560 3507 iure
596 3446 753 3506 intellexit.
809 3445 866 3506 Sed
902 3449 1001 3508 cetera
1034 3466 1093 3523 quo
1125 3449 1296 3523 pertineant
1328 3448 1459 3508 dubium.

147 3545 291 3605 Baunack
313 3543 367 3604 τὰν
386 3542 495 3626 αἰγαίαν
512 3543 622 3624 μόσχον
641 3544 679 3603 ad
699 3544 823 3604 eandem
846 3543 1021 3620 δωδεναῒδα,
1043 3564 1120 3620 quae
1144 3549 1232 3604 antea
1250 3564 1460 3606 commemora·

146 3646 207 3718 tur,
230 3643 361 3703 rettulit:
390 3639 481 3704 ‘Woa
504 3644 579 3703 ὸοίοε
599 3645 711 3717 profice
736 3641 826 3717 Opfcr
848 3643 901 3702 der
923 3643 996 3721 βοῦς
1019 3638 1138 3722 ἡγεμών
1165 3645 1215 3712 ist,
1242 3644 1294 3703 der
1316 3645 1373 3706 den
1395 3644 1460 3721 Ζνρ

148 3742 201 3801 der
230 3740 389 3815 Opfertc'erc
417 3741 576 3815 gleichsam
607 3741 742 3814 αοίιῖίιίί,
773 3743 811 3800 iet
838 3741 882 3800 bei
909 3741 961 3801 der
989 3739 1146 3818 ὃωδειιαΐς,
1178 3743 1224 3801 dic
1252 3743 1330 3801 einer
1361 3741 1461 3802 cosin

221 3959 266 4027 44)
294 3955 393 4010 Βίιαία.
410 3957 540 4010 Miaccum
559 3953 620 4009 LIX
637 3972 666 4024 p.
681 3959 801 4023 891sqq.

222 4039 267 4106 4ο)
294 4036 401 4106 primus
424 4035 467 4090 ita
490 4035 619 4106 Legrand
643 4035 708 4092 Rev.
728 4035 774 4090 dee
791 4033 899 4090 Etudea
919 4034 1052 4105 Grecques
1069 4033 1133 4088 Xlll
1152 4037 1243 4106 (1900)
1265 4053 1292 4104 p.
1311 4039 1461 4102 aso-293,

149 4117 200 4186 qui
220 4119 301 4171 caute
320 4116 350 4171 et
371 4114 493 4170 feliciter
516 4116 550 4170 de
569 4115 614 4169 his
632 4113 725 4169 verbis
749 4114 917 4184 disputavit;
940 4117 1064 4170 ceterum
1088 4115 1164 4184 quod
1182 4114 1260 4170 Dttb.
1279 4113 1395 4171 πάντων
1413 4116 1462 4170 καί

148 4194 255 4252 ,ἡδίων
273 4197 323 4250 καὶ
341 4199 366 4251 δ.
386 4212 401 4250 e
419 4195 455 4250 τὰ
473 4194 649 4266 γεγραμμένα
668 4195 790 4266 pendere
814 4195 936 4262 censuit,
959 4195 990 4250 id
1008 4195 1070 4266 ipra
1088 4195 1235 4250 verborum
1256 4195 1362 4266 positio
1380 4195 1462 4251 valde

150 4277 305 4332 dissuadet.

222 4359 267 4426 46)
295 4371 468 4426 quamquam
490 4357 568 4411 haud
591 4355 677 4411 dubie
700 4356 799 4412 melior
817 4371 937 4412 conexus
956 4355 1091 4410 constitui
1112 4359 1207 4426 potest
1225 4371 1346 4411 errorem
1363 4355 1463 4427 lapici-

150 4439 205 4492 dae
232 4437 409 4492 admittendo
438 4439 467 4491 et
495 4435 642 4492 scribendo
671 4437 749 4509 [adt]
778 4436 813 4491 τὰ
838 4434 1014 4507 γεγραμμένα
1037 4434 1215 4508 Λαβνάδαις,
1243 4452 1295 4491 nec
1318 4436 1463 4491 commode

149 4533 259 4572 merum
272 4516 354 4572 illum
368 4516 558 4572 accusativum
572 4515 608 4572 τὰ
621 4515 797 4588 γεγραμμένα
811 4516 850 4571 ad
863 4516 1041 4571 enuntiatum
1055 4515 1205 4571 relativum
1219 4514 1238 4570 ἃ
1250 4516 1281 4571 δὲ
1295 4519 1351 4572 ντί.
1366 4515 1463 4572 referri

151 4597 362 4653 concedendum
380 4613 442 4652 esee
459 4596 531 4650 mihi
549 4597 668 4653 videtur.

224 4679 269 4746 47)
296 4677 327 4732 in
345 4676 408 4747 ipso
426 4681 523 4732 tamen
541 4677 586 4732 tit.
601 4677 684 4748 Spu·
698 4683 749 4732 281
769 4692 841 4746 quae
861 4675 966 4731 dieitur
984 4674 1122 4739 δωᾶεναίς
1140 4675 1249 4731 diversa
1268 4678 1323 4744 θείς
1343 4677 1375 4731 fit
1389 4677 1464 4731 enim

151 4757 295 4813 Minervae
313 4775 364 4812 neo
383 4757 418 4812 de
437 4759 512 4812 stato
531 4757 667 4812 sacrificio
687 4757 790 4828 agitur,
809 4756 859 4811 aed
878 4756 913 4812 de
932 4756 1166 4825 extraordinario,
1185 4772 1272 4825 quare
1291 4755 1377 4811 etiam
1396 4757 1465 4810 arti-

151 4837 232 4892 culus
251 4837 331 4893 deest
354 4841 420 4908 (v.8
442 4833 551 4892 θνοίαν
570 4836 749 4914 σονετίλμοαν
767 4845 817 4894 τῶι
839 4839 911 4892 detta
935 4833 1093 4908 ἑαατόμβαν
1112 4835 1304 4909 βοίηερωμρον
1326 4836 1386 4908 καί]
1410 4838 1465 4890 δω-

151 4915 272 4975 desultor
291 4918 469 4990 βούπριοιρον
487 4926 533 4972 cde
552 4916 667 4974 Ἀθᾶναι
686 4921 760 4988 καί.)

194 5003 280 5068 'Legae
296 5017 375 5060 Gneo.
385 5017 469 5060 Sacrae
483 5017 518 5059 ad.
528 5019 645 5059 zlehem
1217 5011 1250 5058 15
