3426 5462
259 307 302 372 80
779 309 892 366 cauus
911 309 1050 366 SACRAE

258 496 334 554 quae
353 497 443 554 supra
463 477 498 538 de
517 497 620 539 mensa
638 497 723 539 secra
742 479 812 554 disi,
830 483 990 559 repugnat3
1009 500 1079 540 narn
1097 481 1269 541 certissimis
1283 481 1470 556 testimoniis,
1493 501 1568 557 quse

257 577 320 634 iam
335 575 455 654 Stengel
469 571 633 660 collegIt⁸),
650 581 767 638 constat
780 597 883 638 carnes
901 579 945 637 ibi
962 581 1076 654 positas
1090 579 1241 639 nonnullis
1256 579 1421 640 certeloois
1433 581 1467 638 in
1479 599 1568 638 usum

259 675 421 735 sacerdotis
441 676 570 751 cessisse,
594 677 630 736 cf.
649 677 695 735 tit.
715 676 799 755 Perg.
819 697 846 734 n.
864 679 926 736 189
951 699 978 737 v.
996 681 1034 737 12
1059 677 1219 756 λαμβάνειν
1238 671 1425 759 (Aesculapii
1442 671 1568 759 sacerd.)

256 806 300 832 .-
325 807 369 814 -
397 807 429 814 -
464 771 566 846 σκέλος
589 773 685 848 δεξιὸν
708 773 758 834 καί
781 772 815 834 τὰ
843 772 970 853 δέρματα
997 773 1047 835 καὶ
1074 768 1162 835 τᾶλλα
1185 775 1392 854 τραπεζώματα
1413 775 1510 836 πάντα
1532 774 1568 836 τὰ

257 869 493 951 παρατιθέμενα,
517 873 573 951 leg.
593 873 670 932 And.
689 894 717 931 n.
738 875 779 932 58
803 893 831 932 v.
852 875 892 932 86
917 871 967 934 καὶ
990 871 1045 934 ὅσα
1068 897 1106 934 αα
1129 873 1160 934 οἱ
1181 873 1306 945 θύοντες
1329 872 1396 934 nori
1418 879 1454 958 τᾷ
1473 874 1568 957 κράνᾳ

256 969 434 1046 τραπεζῶντι
456 967 506 1030 καὶ
525 979 583 1030 τῶν
602 969 746 1049 θυμάτων
766 969 801 1031 τὰ
824 968 949 1050 δέρματα
973 969 1143 1051 λαμβανέτω
1163 972 1389 1052 Μνασίστρατυς
1409 965 1570 1055 (pristinus

258 1066 393 1128 sacerdos
416 1061 538 1150 gentis).
575 1069 666 1128 Porro
687 1069 765 1146 quod
783 1072 816 1129 in
836 1071 926 1130 titulo
947 1070 1150 1130 Stratonioeee
1168 1071 1336 1146 nuperrime
1354 1071 1434 1130 edito
1453 1065 1499 1153 (Β
1506 1071 1568 1131 ΟΗ

257 1165 388 1224 XXVIII
406 1187 434 1243 p.
447 1169 487 1225 22
503 1187 530 1226 v.
543 1169 560 1226 7
571 1160 650 1249 sqq.)
670 1169 813 1228 sacerdos
825 1169 948 1245 quidem
967 1169 1117 1243 laudetur,
1136 1170 1207 1244 quic
1226 1165 1377 1229 ἀπέδωκεν
1395 1168 1473 1250 πάσῃ
1494 1167 1567 1251 τύχῃ

256 1261 291 1322 τὰ
319 1261 532 1345 ἀνενεμχθὲντα
563 1270 603 1349 τῷ
631 1270 693 1349 θεῷ
722 1260 857 1346 δ[ει”]ττνα
884 1265 934 1326 καί
960 1265 995 1326 τὰ
1018 1265 1051 1327 ἐκ
1078 1275 1136 1326 τῶν
1158 1271 1276 1327 θυσιῶν
1303 1265 1459 1347 μεινόμενα
1485 1264 1567 1348 γέρα,

257 1361 379 1441 Stengel
401 1363 508 1424 δεῖπνα
530 1365 585 1423 illa
607 1364 687 1424 baud
710 1365 798 1424 dubie
822 1369 902 1425 recte
926 1365 961 1424 de
991 1365 1118 1441 dapibus
1141 1383 1260 1425 mensae
1283 1384 1386 1426 sacrae
1408 1367 1567 1442 impositis,

257 1480 333 1537 quea
355 1463 475 1538 proprie
498 1463 660 1522 sacerdotis
684 1465 778 1538 ipsius
802 1466 895 1538 erant,
922 1465 959 1523 ab
983 1483 1017 1524 eo
1040 1466 1140 1524 tamen
1164 1464 1278 1525 civibus
1301 1464 1498 1540 donabantur,
1521 1466 1566 1523 ln·

255 1559 379 1619 tellexit.
425 1560 508 1619 Alibi
535 1579 605 1637 pars
633 1565 711 1620 certe
740 1563 887 1622 sacerdoti
910 1561 1110 1621 tribuebatur:
1137 1583 1166 1621 n.
1187 1563 1227 1622 98
1257 1582 1284 1622 v.
1305 1563 1378 1639 Bsq.
1402 1558 1511 1640 ὁμοίως
1533 1559 1567 1623 δὲ

255 1654 305 1716 καὶ
328 1666 387 1717 τῶν
409 1653 505 1719 diseo
530 1692 570 1699 -
594 1691 637 1700 -
660 1667 708 1738 τὶμ
731 1664 805 1720 θεῶν
828 1657 876 1720 ἐντί
898 1659 953 1738 τὴν
976 1658 1131 1740 τράπεζαν·
1155 1654 1247 1739 ἔσ[τω
1271 1657 1303 1721 δὲ
1326 1659 1358 1721 τὸ
1382 1657 1436 1739 μὲν
1463 1694 1499 1702 -
1524 1694 1564 1702 —

256 1751 357 1836 με’]ρυς
380 1763 433 1834 τῆς
456 1756 560 1838 ἱερείας
583 1751 669 1840 καί)
710 1759 834 1818 Accedit
857 1758 984 1835 denique
1008 1759 1088 1836 quod
1111 1758 1214 1819 eudem
1236 1760 1307 1834 fere,
1330 1779 1406 1836 quoe
1424 1759 1481 1820 hac
1499 1760 1566 1836 lege

256 1851 304 1914 ἐντί
331 1853 386 1932 τὴν
404 1854 548 1933 τράπεζαν
575 1856 691 1934 cedunt,
715 1856 860 1936 ἱερώσυνα
882 1859 902 1916 i.
924 1877 947 1916 e.
967 1858 1129 1918 sacerdotis
1152 1849 1397 1940 emolumentum)
1422 1861 1568 1918 vocantur

253 1952 387 2014 versibus
414 1953 597 2030 Ameipsiae,
630 1955 736 2032 quibus
768 1958 830 2015 iam
861 1956 981 2016 Boeckh
1012 1955 1201 2033 potissimum
1235 1955 1380 2015 adductus
1414 1956 1452 2014 ad
1480 1975 1566 2015 suam

256 2053 436 2110 sententiam
459 2053 590 2126 videtur,
614 2053 694 2130 apud
716 2054 824 2113 Athen.
843 2053 886 2113 IX
907 2074 937 2130 p.
958 2055 1056 2114 3680:

699 2178 812 2240 δίδοται
836 2171 957 2257 μάλισθ’
984 2178 1129 2258 ἱερώσυνα

566 2281 660 2356 κωλῆ,
683 2274 716 2337 τὸ
739 2275 877 2356 πλευρόν,
900 2270 1083 2358 ἡμίκραιρ’
1108 2275 1253 2358 ἀριστερά.

344 2409 452 2489 Legem
476 2410 627 2488 publicem
650 2431 726 2487 esse,
753 2432 813 2472 non
844 2413 976 2489 collegii,
1002 2414 1100 2488 petet,
1127 2413 1177 2470 vix
1205 2414 1305 2471 tamen
1333 2412 1439 2488 populi
1462 2411 1567 2491 ipsius,

255 2509 306 2568 sed
333 2511 404 2587 pagi
431 2511 532 2585 potius
560 2512 608 2570 vel
635 2511 730 2570 tribus
759 2510 925 2585 cuiusdam,
956 2510 987 2569 id
1016 2508 1096 2587 quod
1124 2510 1322 2570 certissimum
1345 2513 1398 2584 est,
1426 2513 1452 2570 si
1477 2510 1566 2569 modo

254 2609 333 2667 recte
361 2607 486 2668 Pittaois
514 2608 549 2667 de
578 2609 651 2684 loco,
680 2609 730 2668 ubi
757 2609 873 2685 lapides
900 2609 1076 2683 invenisset,
1103 2610 1222 2668 rettuIIt
1231 2601 1282 2691 11);
1316 2611 1347 2668 et
1374 2607 1567 2668 confirmatur

255 2707 460 2782 supplemento
476 2699 652 2786 [‘Hpc3]wqg
671 2707 750 2785 quod
768 2709 910 2783 proposui
924 2727 951 2766 r.
964 2709 991 2782 5,
1011 2705 1170 2784 siquidem
1188 2709 1221 2766 in
1239 2707 1304 2785 lege
1322 2705 1442 2783 publiea
1456 2725 1565 2785 cogno·

255 2823 322 2863 men
341 2803 479 2864 Heroidis
498 2807 548 2864 vix
571 2806 670 2865 deesse
693 2809 812 2882 poterat
831 2797 881 2886 (cf.
896 2806 983 2865 Prott
1001 2807 1087 2865 Fasti
1105 2827 1133 2866 n.
1151 2809 1165 2864 1
1185 2809 1215 2864 et
1230 2798 1274 2887 2).
1309 2804 1445 2864 Getemm
1468 2823 1566 2864 sacer-

254 2900 338 2962 dotes
357 2902 481 2962 feminas
499 2903 706 2963 tantummodo
726 2922 869 2980 apparere
888 2905 996 2962 mirum
1016 2906 1069 2979 est,
1088 2904 1145 2963 nisi
1164 2903 1241 2963 forte
1258 2905 1290 2962 in
1310 2903 1459 2980 superiore
1479 2907 1566 2979 parte

254 2999 375 3060 tabulae
398 2999 552 3077 deperdita
575 3004 707 3062 virorum
730 3002 917 3062 sacerdotum
939 3020 1063 3060 munera
1086 3005 1246 3078 praecepta
1268 3003 1363 3079 putes.

344 3097 555 3159 Emolumenta
577 3100 764 3160 sacerdotum
783 3104 813 3159 et
830 3102 965 3176 pecuniis
989 3104 1019 3159 ot
1039 3099 1225 3176 portionibus
1246 3099 1411 3160 hostiarum
1433 3097 1566 3158 efficiun-

254 3199 304 3255 tur
322 3216 417 3274 neque
435 3198 564 3257 multum
581 3200 660 3258 inter
678 3217 709 3258 se
728 3199 884 3274 differunt3
903 3217 1004 3257 ornnes
1024 3200 1103 3258 enim
1122 3199 1253 3275 quinque
1272 3197 1436 3272 drachmas,
1456 3216 1564 3274 operae

255 3295 370 3355 seilicet
387 3297 560 3371 mercedem,
580 3297 766 3373 accipiebant
784 3300 874 3373 atque
893 3299 1012 3373 praeter
1030 3315 1121 3356 unum
1135 3295 1261 3379 Dionysi
1276 3297 1467 3372 sacerdotem,
1488 3315 1565 3372 quae

255 3395 374 3454 omnino
398 3395 493 3454 multo
515 3397 614 3454 minus
637 3397 743 3454 ceteris
766 3396 884 3472 accipit,
907 3396 999 3455 etiam
1022 3396 1188 3472 pecuniam,
1211 3395 1289 3453 unde
1312 3397 1428 3453 minora
1450 3394 1563 3453 illaad

254 3512 317 3552 rem
335 3511 450 3552 sacram
469 3495 643 3568 necessaria,
662 3494 761 3553 oleum
779 3495 837 3553 mel
856 3494 971 3573 lignum
985 3487 1024 3575 ¹²)
1043 3495 1186 3569 triticum,
1209 3496 1428 3569 compararen13
1453 3492 1564 3551 iterum

255 3609 356 3650 omnes
387 3594 506 3668 praeter
538 3591 662 3651 eandem
693 3592 777 3650 illam
809 3610 877 3652 suas
907 3611 1040 3668 quaeque
1069 3591 1179 3662 δεισίας
1206 3599 1315 3672 κρεῶν,
1348 3609 1438 3668 quem
1461 3609 1564 3650 vocem

343 3783 369 3849 8)
394 3781 468 3835 Berl.
484 3779 583 3835 Philol.
601 3779 870 3836 Woclercscbr.1904
890 3798 916 3849 p.
934 3785 1003 3834 1603
1014 3797 1054 3848 sq.

344 3863 370 3930 9)
388 3860 432 3914 vel
450 3861 481 3914 id
495 3861 624 3926 occurrit,
644 3863 677 3914 ut
691 3859 740 3929 qui
759 3859 927 3914 sacrificavit
940 3860 1002 3930 ipse
1016 3877 1119 3929 eorum,
1135 3877 1207 3929 quae
1221 3859 1251 3913 ic
1265 3875 1363 3915 mensa
1376 3857 1479 3929 posuit,
1497 3873 1563 3928 per-

254 3941 311 3994 tem
330 3943 431 4008 sumat,
450 3941 479 3994 in
493 3939 557 4011 lege
576 3957 643 3995 sane
662 3940 764 3994 aetatis
782 3941 945 3994 recentioris
964 3958 990 3994 n.
1002 3947 1036 3994 49
1051 3957 1074 3994 r.
1085 3947 1119 3994 20
1140 3941 1190 3996 ἐὰν
1205 3939 1237 3996 δέ
1254 3960 1296 4004 τις
1313 3939 1453 4010 τράπεζαν
1470 3942 1566 4013 ττὶηρῷ

254 4024 292 4094 τῷ
309 4023 378 4092 θεῷ,
396 4019 557 4092 λαμβανέτω
575 4021 607 4076 τὸ
627 4019 744 4092 ἥμισ[υ].

326 4101 370 4170 10)
393 4117 460 4155 sane
483 4101 513 4154 in
532 4099 620 4156 Bcklr.
635 4101 740 4157 Anecd.
759 4119 786 4171 p.
804 4108 854 4156 144
874 4100 1023 4170 ἱερώσυνα·
1047 4101 1082 4157 τὰ
1100 4111 1160 4167 τοῖς
1182 4107 1263 4166 θεοῖς
1286 4100 1471 4171 ἐξαιρούμενα
1492 4099 1562 4172 μέρη

253 4179 301 4234 nal
324 4183 504 4250 θυμιώμενα,
527 4182 577 4235 sed
600 4181 655 4235 nisi
673 4182 720 4236 hic
738 4198 831 4236 merus
856 4198 932 4237 error
954 4183 1132 4253 grammatici
1156 4183 1302 4237 cuiusdam
1325 4182 1409 4250 latet,
1433 4181 1564 4236 sollemni

253 4263 328 4315 certe
347 4261 508 4330 usitatoque
527 4262 662 4317 sermonis
681 4279 733 4316 usn
752 4263 942 4318 emolumenta
960 4263 1113 4316 sacerdotis
1128 4264 1170 4317 ite
1185 4263 1241 4317 dici
1255 4262 1396 4333 frequenti
1415 4261 1563 4316 titulorum

252 4341 387 4396 memoria
406 4342 474 4397 satis
494 4359 632 4412 superque
652 4347 771 4412 constat,
791 4343 825 4396 cf.
846 4343 961 4413 Stengel
982 4347 1092 4399 Hermes
1110 4343 1199 4397 XXXI
1216 4362 1243 4413 p.
1260 4349 1378 4412 640sqq.

326 4425 369 4490 11)
388 4438 440 4477 nec
458 4426 534 4481 recte
553 4425 607 4478 hac
625 4425 656 4477 in
674 4441 704 4478 re
723 4425 749 4478 ei
768 4424 851 4478 fidem
871 4424 1061 4494 denegaveris,
1080 4441 1145 4478 nam
1164 4425 1280 4495 ignarus
1298 4424 1351 4494 frg.
1366 4442 1393 4478 n.
1409 4429 1477 4478 2661
1498 4440 1564 4478 cum

251 4507 345 4556 n.111
365 4504 395 4556 et
414 4508 464 4557 118
484 4519 569 4558 unum
592 4503 703 4559 efficere
726 4504 817 4574 legem
841 4507 936 4559 tamen
955 4505 985 4558 id
1004 4505 1103 4559 eodem
1121 4505 1170 4558 illo
1194 4504 1256 4559 loco
1274 4509 1415 4574 repertum
1434 4520 1494 4560 esee
1513 4504 1565 4558 ed-

252 4584 334 4636 notat
351 4583 396 4637 vel
416 4583 462 4637 die
480 4585 592 4652 mensis,
612 4601 667 4654 quo
686 4585 822 4655 repperit,
842 4585 953 4652 addito,
972 4601 1005 4639 ac
1024 4584 1208 4640 consideretis
1227 4585 1271 4652 iis,
1290 4601 1363 4652 quae
1382 4585 1410 4639 in
1429 4584 1565 4638 lemmate

251 4663 385 4732 indicavi,
404 4663 489 4718 facile
507 4665 568 4719 fieri
585 4666 720 4734 potuisse,
739 4665 1096 4736 utPitt.fragmenta117
1116 4669 1146 4720 et
1163 4671 1213 4719 118
1232 4667 1262 4719 in
1281 4681 1373 4720 arcem
1388 4665 1564 4720 Athenarum

252 4760 348 4798 secum
367 4745 495 4812 duceret,
518 4745 588 4799 Roas
607 4749 711 4812 autem,
730 4763 794 4799 cum
813 4761 847 4800 ea
866 4745 906 4799 ibi
925 4745 1050 4816 vidisset,
1069 4746 1098 4800 in
1118 4762 1181 4802 erce
1200 4745 1263 4815 ipsa
1281 4749 1362 4800 eruta
1381 4745 1565 4815 existimaret,

251 4840 334 4880 nemo
352 4842 408 4880 non
428 4826 571 4880 concedet.

325 4908 369 4976 12)
388 4905 641 4976 ol.Paue.V18,8
660 4907 695 4962 de
715 4906 870 4961 saonficulo
889 4907 938 4978 qui
957 4906 1062 4962 dicItnr
1079 4907 1182 4972 ξυλεώε.
