3424 5462
257 253 324 319 232
777 256 892 313 Lusus
911 257 1051 314 SAGRAE

256 421 383 503 νιέχονον
410 424 430 483 i.
445 443 468 484 e.
493 427 637 486 amictum
669 428 854 487 nominatam
886 444 950 487 esse
976 429 1041 488 veri
1068 429 1165 488 simile
1197 430 1250 504 sit,
1282 431 1392 492 collato
1420 431 1570 490 adiectivc

258 517 425 595 ἀσύλλωτος
449 515 580 604 (Gallim.
595 523 706 600 Hymn.
724 517 866 606 111213)
891 525 1057 604 glossisque
1075 527 1193 602 aliquot
1210 527 1362 605 Hesychii,
1380 528 1458 588 unde
1476 529 1570 606 stirps

260 620 407 696 quaedam
430 624 490 680 λα-
515 617 690 693 “οαα·οδοα,
713 619 909 697 οονλαῦμβεα’
933 623 1053 699 evadat,
1081 624 1166 696 λανίς
1193 627 1290 702 ipsam
1316 629 1449 686 tunicam
1476 627 1570 706 signi·

258 716 362 778 ficasse
390 721 496 779 censet.
544 717 600 778 Oui
626 723 728 780 tamen
753 722 1010 798 interpretationi,
1041 724 1077 782 ut
1102 724 1167 798 ipse
1194 727 1287 818 sensit
1314 743 1349 785 ac
1375 726 1506 798 monuit,
1538 725 1569 782 id

259 815 347 875 valde
374 819 537 895 repugnat,
565 818 646 895 quod
673 820 890 895 praescriptum
917 821 963 879 ita
989 821 1078 881 nimis
1102 823 1200 880 artum
1228 825 1280 882 est.
1327 821 1451 882 Sensum
1475 824 1502 882 si
1524 841 1570 881 re

260 915 379 990 spicias,
403 915 642 977 commodissima
669 916 789 976 videtur
815 919 1025 995 interpretatio
1048 918 1215 979 Baunaclrii
1244 916 1350 980 ‘Sirim
1377 920 1571 981 Geldbercilli-

256 1031 337 1088 φνας
359 1015 420 1088 fiir,
438 1013 592 1087 Ααβοεναδ
610 1011 780 1094 (ἀνάλωμα)
803 1017 856 1090 [νῦν
873 1011 950 1094 (das
967 1011 1144 1096 nusum,
1167 1016 1220 1077 sed
1242 1019 1400 1095 explicatio
1423 1019 1570 1096 etymolo-

259 1112 326 1189 gica
355 1109 548 1172 desideratur.
594 1113 696 1173 Etiam
724 1114 871 1190 quomodo
895 1114 1093 1191 supplendum
1116 1117 1157 1175 sit
1178 1112 1198 1174 ἁ
1218 1119 1303 1188 λωτις
1325 1124 1377 1188 οῦς
1396 1109 1492 1193 Ἀμφ-
1516 1115 1570 1174 du·

258 1201 393 1290 binm.²⁴)
439 1208 661 1286 Suppleverunt
693 1230 764 1272 sane
796 1213 865 1272 inde
895 1213 931 1273 ab
958 1213 1105 1273 Abreusio
1138 1231 1238 1274 omues
1270 1223 1321 1286 οῦς
1345 1208 1571 1292 Ἀμφ[ικνίονος

258 1302 387 1387 εἰκόνος]
406 1307 584 1385 heroemque
602 1309 844 1387 Amphictionem
857 1310 1005 1371 Anthelae
1023 1312 1138 1371 cnltsrm
1157 1303 1380 1394 munemel)
1400 1313 1465 1372 coll.
1484 1331 1571 1389 prae·

259 1407 345 1482 cipue
368 1426 396 1465 v.
412 1407 454 1465 32
478 1414 531 1467 τοῦ
554 1405 626 1486 βοὸς
648 1405 717 1486 τιμὰ
730 1415 793 1468 ιτοῦ
815 1407 921 1488 ἥρωος.
968 1409 1026 1469 Sed
1049 1428 1104 1470 suo
1126 1411 1191 1470 iure
1213 1409 1390 1470 Danielsson
1413 1410 1571 1470 oblocutus

261 1506 319 1563 est:
343 1504 534 1564 simulacrum
558 1507 636 1566 enim
659 1506 707 1566 dei
731 1509 793 1566 sive
818 1507 916 1568 herois
943 1525 1060 1567 sacrum
1083 1505 1149 1580 ἕδος
1171 1508 1220 1567 vel
1243 1504 1372 1587 ἄγαλμα,
1399 1527 1459 1569 non
1481 1507 1573 1570 εἰκών

261 1603 315 1678 est,
338 1602 454 1663 accedit
476 1621 547 1663 vero
571 1603 650 1680 qnod
671 1606 783 1681 positio
806 1605 965 1665 verborum
987 1605 1119 1681 offendit,
1143 1607 1284 1683 quoniam
1307 1609 1496 1682 expectamus
1519 1614 1573 1676 νῦς

259 1698 375 1771 εἰκόνος
406 1708 458 1772 τᾶς
487 1693 703 1778 Ἀμφικτίονας.
756 1702 865 1780 Itaque
897 1703 1001 1763 dubito
1033 1701 1069 1763 de
1100 1704 1306 1780 supplemento
1338 1701 1452 1775 εἰκόνος
1479 1705 1573 1780 atque

259 1797 412 1858 interdum
438 1817 475 1859 ne
502 1800 535 1859 id
563 1800 682 1876 quidem
710 1821 764 1877 pro
793 1805 873 1861 certo
895 1802 991 1863 habeo
1010 1794 1219 1880 Ἀμφικτίονας
1241 1803 1290 1862 vel
1313 1801 1444 1862 eiusdem
1467 1801 1573 1878 stirpis

261 1896 440 1957 vocabulum
468 1915 530 1958 esse
558 1916 689 1958 veram..
716 1897 797 1969 Quae
825 1899 964 1977 deinceps
986 1904 1198 1960 enumerantur
1221 1919 1303 1959 arma
1326 1902 1501 1959 memoriam
1524 1919 1574 1959 ex·

261 1996 358 2055 citant
390 2003 441 2067 τᾶς
459 1995 626 2068 πανοπλίας
653 1992 691 2056 tv
719 1996 752 2058 οδ
772 1989 974 2075 >oppressores
1000 1995 1172 2058 ἀνατίθεννι
1195 1993 1318 2077 (Michcl
1342 1990 1429 2080 289).
1471 1997 1573 2056 Verba

261 2093 368 2152 deinde
400 2100 454 2153 τοῦ
485 2090 557 2172 βοὸς
584 2090 653 2172 τιμὰ
679 2101 732 2155 τοῦ
759 2092 857 2173 ἥρωος
885 2093 988 2156 ἑκατὸν
1014 2088 1198 2177 στατῆρεςῗὸ)
1222 2096 1438 2156 dubitationem
1461 2098 1574 2155 iterum

260 2193 389 2251 movent.
434 2191 556 2252 Boeclrh
578 2193 652 2252 olim
674 2194 845 2271 genetivum
868 2201 920 2254 τοῦ
944 2193 1041 2273 ἥρωος
1064 2197 1132 2254 voci
1156 2192 1227 2273 βοός
1250 2213 1309 2253 non
1333 2194 1480 2254 attributo
1503 2211 1573 2270 pos-

261 2292 386 2366 sessivo,
414 2289 465 2350 sed
492 2289 675 2368 appositioni
702 2309 764 2352 esse
791 2291 919 2368 putabat
942 2295 972 2352 et
998 2291 1091 2351 talem
1113 2292 1220 2352 bovem
1242 2291 1444 2371 intellegebat,
1473 2291 1574 2367 qualis

261 2407 310 2466 ap.
324 2388 457 2466 Xenoph.
473 2387 550 2448 Hell.
565 2387 609 2448 VI
628 2391 658 2464 4,
669 2391 720 2465 29,
743 2389 795 2448 ubi
818 2390 994 2450 hecatomba
1012 2390 1127 2451 Iasonis
1145 2390 1272 2450 Pheraei
1293 2390 1479 2464 describitur,
1497 2389 1574 2467 βοῦς

262 2483 380 2567 ἡγεμών
394 2486 487 2546 audit.
520 2486 606 2547 Hanc
624 2489 804 2547 sententiam
818 2487 934 2549 Absens
951 2489 1099 2566 ceterique
1114 2491 1220 2548 meritc
1234 2491 1409 2563 reiecerumt,
1427 2488 1477 2548 sed
1492 2487 1575 2563 quod

260 2587 396 2664 plerique
423 2585 529 2645 bovem
555 2585 640 2646 heroi
667 2585 786 2645 cuidam
813 2585 1095 2646 sacrificandum
1126 2586 1320 2664 intellegunt,
1348 2587 1381 2645 id
1407 2603 1444 2645 ne
1471 2587 1573 2662 ipsum

262 2683 382 2760 quidem
405 2683 565 2743 offensione
588 2687 682 2758 caret3
712 2684 835 2744 insolita
857 2688 936 2744 certe
958 2684 1198 2761 breviloquentia
1220 2683 1261 2759 id,
1284 2683 1363 2760 qnod
1387 2685 1433 2742 illi
1456 2683 1574 2758 volunt,
1697 2733 1698 2740 ,

261 2801 344 2841 mero
368 2799 439 2842 casn
462 2783 601 2860 genetivo
624 2779 722 2862 ἥρωος
745 2783 934 2857 enuntiatur,
956 2782 1092 2842 velutin
1115 2783 1202 2843 fastis
1227 2781 1294 2843 (lois
1317 2783 1371 2843 bos
1393 2781 1459 2842 Iovi
1481 2784 1575 2841 sacri·
1697 2781 1698 2786 ’

261 2879 393 2940 ficandus
416 2881 519 2939 vocari
542 2879 619 2940 solet
641 2880 689 2939 vel
712 2879 787 2958 βοῦς
809 2876 924 2959 κριθεὶς
947 2885 986 2962 τῷ
1001 2880 1080 2959 Ζηνί
1100 2882 1148 2940 vel
1166 2880 1240 2959 βοῦς
1258 2879 1408 2958 θυόμενος
1430 2884 1469 2963 τῷ
1485 2879 1575 2956 Ζηνί,

261 2997 409 3055 nusquam
436 2977 510 3056 βοῦς
536 2985 589 3039 τοῦ
612 2976 719 3054 Ζηνός.
765 2976 862 3048 Quare
888 2979 977 3056 longe
1004 2979 1154 3038 diversam
1180 2998 1243 3038 rem
1273 2978 1329 3038 hoc
1350 2979 1488 3056 genetivo
1512 2977 1574 3037 dici

262 3067 441 3158 suspicor’⁷)
464 3078 607 3152 reputans
630 3077 803 3154 praesertim
833 3093 918 3153 posse
941 3077 1030 3136 huius
1054 3077 1162 3152 capitis
1184 3079 1344 3153 praecepta
1367 3077 1405 3135 ad
1430 3095 1575 3152 pompam

261 3175 418 3252 pertinere.
465 3173 563 3234 Bcsne
586 3176 639 3250 qui
662 3193 781 3242 currum
804 3175 932 3234 vehebat
951 3176 1049 3234 herois
1073 3171 1203 3234 dicitu?

351 3271 387 3331 V.
403 3273 445 3332 34
469 3263 560 3354 3]g²⁸)
584 3270 696 3348 ἔφοδον
719 3271 809 3332 θύεντ
833 3291 872 3333 so.
894 3271 965 3344 τοὺς
987 3271 1203 3352 ἱερομνάμονος
1226 3274 1386 3349 antequam
1409 3271 1481 3332 fines
1502 3271 1575 3330 Del·

335 3482 379 3548 24)
408 3477 535 3534 Boeckh:
554 3477 573 3533 ἁ
592 3479 675 3541 δῶτις
692 3485 742 3541 τᾶς
760 3475 996 3550 Ἀμφ[ιατιονιαῦς
1009 3487 1123 3548 πομπᾶς
1141 3477 1194 3534 ἅδε
1208 3479 1300 3550 ἔστω];
1320 3480 1405 3546 atquc
1419 3475 1472 3529 boc
1487 3479 1575 3546 caput

262 3559 442 3630 aliquatenus
466 3559 503 3612 ad
526 3575 659 3629 pompam
677 3561 806 3628 spectare
824 3558 853 3612 id
876 3559 992 3627 quidem
1009 3559 1125 3613 minime
1143 3557 1333 3629 improbabile
1355 3559 1410 3622 est;
1434 3556 1469 3610 ei.
1488 3555 1573 3610 infra

334 3643 379 3710 25)
406 3657 479 3694 unns
498 3639 530 3700 A,
546 3639 700 3692 Mommsen
718 3657 746 3708 p.
761 3645 860 3706 aacsq.
879 3637 1094 3709 Neoptolemum
1108 3638 1238 3694 hocloco
1253 3638 1310 3692 dici
1324 3637 1476 3705 existimat,
1491 3637 1574 3690 cuius

262 3721 292 3776 in
320 3720 399 3775 cultu
421 3717 595 3788 Delphorum
619 3718 905 3788 Amphiotiouumque
933 3719 1049 3774 eximias
1077 3719 1215 3789 quasdam
1242 3721 1337 3788 partes
1364 3716 1451 3770 fuisse
1475 3719 1574 3770 censet

262 3806 308 3878 (ef.
323 3805 430 3861 Usener
448 3803 565 3870 Arabs.
582 3795 795 3871 scriptuarum.
811 3799 861 3853 VII
879 3817 907 3868 p.
923 3802 1065 3868 329sqq.);
1090 3799 1139 3854 scd
1161 3801 1223 3854 tota
1245 3797 1306 3854 eins
1330 3797 1365 3852 de
1388 3798 1442 3851 hac
1464 3813 1496 3850 re
1515 3795 1573 3850 dis·

262 3885 375 3958 putatio
393 3882 589 3938 incertissimis
607 3879 799 3935 fundamentis
813 3879 922 3948 nititur,
940 3879 971 3932 id
986 3880 1061 3948 quod
1074 3878 1122 3934 hio
1140 3879 1332 3934 demonstrare
1350 3878 1465 3948 longum
1484 3879 1536 3931 est.

335 3966 380 4035 26)
407 3964 458 4034 qui
484 3965 545 4018 tum
573 3960 690 4032 Delphis
718 3965 770 4015 200
794 3959 940 4014 drachmas
967 3959 1099 4014 valebant
1127 3959 1171 4029 (cf.
1191 3959 1236 4014 Br.
1250 3958 1314 4013 Keil
1333 3959 1447 4013 Herum
1468 3956 1574 4010 XXXII

263 4047 359 4118 [1897]
376 4063 404 4115 p.
420 4049 507 4111 40³,a
527 4045 557 4097 et
574 4041 625 4097 Th.
640 4041 766 4096 Reinach
785 4041 880 4096 ΒΘΗ
895 4039 946 4094 XX
964 4041 1058 4112 [1896]
1077 4056 1104 4109 p.
1120 4045 1238 4108 lolsqq.
1258 4043 1287 4094 et
1305 4039 1422 4107 385sq),
1448 4038 1573 4108 pretium

263 4143 399 4198 magnum
417 4139 469 4178 nee
488 4125 583 4176 tamen
601 4123 631 4177 in
649 4121 739 4176 bobus
759 4120 870 4176 selectis
889 4120 1057 4186 inauditum,
1077 4119 1112 4174 cf.
1132 4121 1230 4176 ereia.
1248 4121 1323 4175 Mus.
1343 4117 1379 4173 LI
1396 4137 1423 4188 p.
1440 4123 1499 4172 216.

335 4207 380 4275 2'1)
408 4204 516 4258 diverse
534 4203 620 4258 etiam
638 4202 682 4258 Fr.
702 4202 904 4271 interpretatus
927 4203 999 4256 erat:
1028 4200 1136 4271 d'aprie
1158 4207 1223 4257 cate
1236 4201 1346 4270 phrase,
1369 4201 1393 4254 lc
1409 4199 1487 4254 te'rcs
1505 4201 1574 4254 Aar-

263 4287 386 4355 phiatam
403 4287 499 4340 οαοαῦ
517 4285 557 4338 έλέ
573 4285 724 4353 represents
740 4299 775 4337 ca
792 4283 893 4352 hoplite
910 4282 1055 4348 sonitant
1071 4299 1112 4336 αα
1130 4287 1254 4336 mareau.

336 4368 381 4434 28)
409 4365 515 4434 ἔφοδον
533 4363 615 4431 θῦεν,
634 4363 694 4418 sine
712 4362 934 4434 praepositione,
957 4361 1071 4431 scripsit
1088 4360 1174 4416 Bann.
1194 4377 1359 4431 comparans
1379 4358 1461 4427 ὅρκια
1478 4360 1574 4428 θύειν,

265 4443 355 4513 γάμον
374 4444 477 4511 ἑστιᾶν,
496 4461 568 4512 quae
586 4447 681 4498 tamen
701 4443 839 4514 exempla,
857 4442 935 4512 prius
949 4442 1124 4512 praesertim,
1144 4441 1213 4496 satis
1228 4442 1337 4496 diversa
1349 4441 1420 4495 mihi
1434 4440 1573 4494 videntur.

265 4521 395 4577 Ceterum
416 4523 458 4577 ita
481 4525 621 4578 sententia
644 4524 707 4594 ipsa
725 4540 780 4578 non
806 4525 939 4578 mutatur.
977 4521 1072 4592 Longe
1090 4522 1202 4576 diversa
1220 4523 1256 4577 de
1274 4520 1327 4576 hoc
1345 4521 1407 4575 loco
1424 4520 1575 4590 proposuit

265 4603 297 4656 A.
314 4602 468 4658 Mommsen
487 4603 585 4673 Βοῦρα.
604 4610 708 4674 p.1'18.
729 4609 825 4672 182sq.
846 4608 898 4657 218
917 4603 1023 4672 ἔφοδον
1043 4618 1104 4657 eam
1123 4603 1321 4657 caerimoniam
1339 4600 1516 4671 intellegens,
1538 4600 1574 4654 dc

266 4697 323 4750 qua
339 4682 413 4737 Plut.
433 4681 468 4737 de
487 4683 542 4738 dei.
558 4701 596 4738 or.
612 4690 645 4739 15
669 4685 697 4738 in
718 4683 909 4738 describendis
928 4681 1048 4753 Septen‘i
1067 4683 1142 4752 quod
1161 4685 1276 4738 vocatur
1293 4681 1487 4737 sollemnibus:
1507 4678 1526 4750 ἦ
1545 4699 1575 4736 τε

266 4761 334 4829 μετὰ
352 4770 432 4834 σιγῆς
450 4759 496 4818 ἐπ’
516 4764 605 4834 αὐτὴν
624 4763 684 4834 (τὴν
703 4763 835 4834 καλιάδα)
854 4763 903 4818 διὰ
926 4773 974 4834 τῆς
994 4761 1199 4833 ὀνομαζομένης
1217 4759 1361 4824 Δολωνίας
1383 4761 1488 4831 ἔφοδος
1506 4751 1524 4832 ᾗ
1544 4760 1574 4814 ul

264 4837 364 4896 Ὀλεῖαι
382 4844 431 4898 τὸν
450 4844 600 4914 ἀμφιθαλῆ
625 4842 710 4912 κόρον
728 4844 864 4914 ἡμμέναις
882 4845 966 4918 duola
984 4843 1084 4915 ἄγουσι
1108 4844 1153 4914 (cf.
1168 4842 1276 4898 Usener
1293 4843 1311 4897 l.
1326 4845 1369 4912 c).
1407 4840 1576 4897 Coniectura
