3450 5458
665 325 822 382 reuera
841 333 917 381 nu
1385 329 1444 394 121

131 498 199 556 tam
224 516 263 556 an
286 495 325 555 ad
347 496 507 558 Piraeense
529 497 670 556 sacellum
693 497 754 557 iam
776 497 891 574 pridem
915 497 951 554 V.
971 515 997 556 a.
1018 496 1083 557 Ghr.
1104 517 1132 556 n.
1152 499 1270 558 saeculo
1293 499 1448 559 conditum

132 593 292 654 referenda
314 596 383 654 sint.
420 595 500 654 Hlud
523 613 557 656 eo
581 595 813 669 commendatur,
837 595 916 672 quod
938 594 1060 656 urbanis
1083 595 1247 656 Thracibus
1270 598 1448 657 auctoritate

132 692 290 770 plebisciti
312 712 387 770 opus
410 693 501 754 irrisse
524 696 729 770 exspectamus
750 686 801 776 (cf.
820 713 848 752 n.
869 685 937 774 30),
959 694 1048 770 plure
1070 697 1170 754 tamen
1194 697 1226 754 ni
1251 695 1338 755 fallor
1360 694 1449 754 alteri

132 793 303 852 sententiae
330 792 446 852 favent:
475 811 543 851 cum
565 793 721 852 universae
751 791 848 872 gentis
875 792 1020 852 Thraciae
1047 792 1159 852 mentio
1186 813 1214 854 v.
1239 795 1258 851 4
1285 795 1353 852 turn
1380 811 1447 853 ecn-

132 891 251 950 iunctio
274 890 331 948 illa
353 887 405 950 καί
427 896 485 950 νῶν
509 893 539 950 et
561 891 673 951 mentio
700 910 827 968 pompae
854 886 913 950 ἀπὸ
935 898 989 970 τῆς
1011 888 1107 964 ἑστίας
1129 899 1182 969 τῆς
1204 887 1236 952 ἐκ
1259 898 1312 952 τοῦ
1338 912 1448 973 πρυτα-

132 987 218 1048 νείου
242 987 405 1062 ducendae,
429 1007 506 1065 quae
528 991 573 1050 ita
595 989 656 1048 iam
679 989 795 1066 pridem
818 1008 837 1048 a
859 988 1067 1049 Piraeeneibus
1091 989 1181 1050 ducta
1204 1007 1266 1050 esse
1289 981 1448 1070 rideturfl)

132 1085 252 1146 Deinde
275 1087 505 1163 explicationem
528 1087 677 1147 desiderat
699 1087 775 1146 illud
798 1085 902 1166 μόνοις
924 1095 984 1148 τῶν
1006 1083 1103 1147 ἄλλων
1126 1083 1236 1166 ἐθνῶν,
1262 1107 1334 1148 nam
1357 1088 1449 1148 etiam

132 1185 303 1263 Aegyptios
331 1187 362 1244 et
386 1183 530 1246 (titienses
559 1185 662 1245 eadem
689 1187 838 1263 potestate
867 1205 935 1246 usos
964 1203 1028 1246 esse
1050 1187 1180 1261 constat3
1211 1185 1393 1263 relinquitur
1414 1188 1474 1245 utv

134 1280 241 1359 μόνοις
268 1285 332 1343 arte
360 1283 576 1361 coniungamus
604 1302 671 1344 cum
695 1284 794 1343 verbis
820 1282 893 1343 κατὰ
923 1282 978 1362 τὴν
1002 1284 1141 1362 μαντείαν
1164 1283 1218 1361 τὴν
1240 1282 1272 1364 ἔγ
1296 1283 1448 1362 Δωδώνης

134 1385 165 1440 et
184 1381 384 1442 Athenienses
406 1381 474 1441 unis
493 1381 656 1442 Thracibus
680 1403 715 1441 ex
738 1383 851 1442 oraculi
873 1384 956 1444 iussu
979 1375 1082 1442 sacelli
1105 1382 1250 1442 condendi
1268 1385 1448 1459 potestatem

133 1481 241 1540 fecisse
265 1482 441 1539 statuamus.
488 1479 551 1550 Quo
579 1481 670 1540 titulo
698 1481 745 1540 illi
767 1499 827 1540 non
850 1483 912 1540 eine
936 1499 1027 1541 cauea
1053 1481 1177 1560 gloriati
1204 1484 1287 1555 sunt,
1314 1483 1345 1540 id
1369 1483 1449 1540 enim

134 1578 216 1654 quod
243 1579 289 1638 ita
315 1579 564 1655 impetraverant,
594 1579 632 1639 ab
661 1578 785 1639 arbitrio
813 1597 904 1639 aurae
926 1579 1081 1656 popularis
1104 1579 1199 1639 multe
1227 1580 1323 1639 tutius
1346 1579 1449 1655 fuisse,

134 1696 229 1753 quam
251 1676 283 1737 id
306 1677 386 1752 qued
405 1677 549 1756 Aegyptii
573 1681 603 1736 et
625 1676 769 1738 (titienses
792 1678 1015 1737 benevolentiae
1038 1677 1134 1754 plebis
1157 1678 1313 1750 debebant,
1336 1679 1449 1755 optime

133 1776 254 1835 monuit
276 1775 414 1836 Foncart.
436 1807 481 1818 -
504 1777 548 1836 De
572 1795 682 1854 pompa
704 1779 772 1853 ipsa
795 1778 831 1836 cf.
850 1777 927 1836 Plat.
947 1777 982 1837 de
1004 1795 1063 1850 rep.
1087 1797 1116 1853 p.
1136 1778 1225 1836 eata
1248 1781 1279 1836 ct
1302 1777 1399 1836 auae.

226 1873 263 1932 V.
280 1876 390 1951 13eqq.
409 1875 568 1934 lectionem
577 1873 743 1934 Wilhelmii
762 1877 880 1935 secutus
899 1893 973 1949 eum,
992 1893 1174 1952 quamquam
1192 1875 1237 1934 ita
1255 1877 1285 1934 et
1299 1875 1450 1935 structura

134 1973 338 2051 negligentior
360 1975 459 2033 evenit
483 1975 512 2032 et
534 1992 616 2032 error
638 1973 786 2050 lapicidae
809 1973 984 2034 statuendus
1008 1975 1061 2034 est.
1103 1972 1167 2043 Quo
1191 1973 1228 2032 ab
1252 1993 1350 2033 errore
1373 1974 1448 2032 Fou-

135 2073 201 2131 eart
224 2090 292 2130 eum
314 2073 393 2130 tueri
416 2072 532 2131 studuit
550 2075 580 2131 et
598 2072 696 2132 locum
714 2073 759 2132 ita
776 2070 933 2150 legendum
952 2073 1122 2148 proposuit:
1141 2065 1205 2152 cdlv
1226 2067 1295 2152 μὲν]
1313 2066 1450 2152 πουττὴ[ν

136 2173 192 2258 ὡ]ς
216 2175 254 2237 ἃν
278 2172 430 2258 [ξ’]λωυτυι
454 2178 486 2238 ol
505 2177 538 2238 ἐν
560 2187 611 2238 τῶι
634 2175 714 2239 ἄστει
737 2153 1026 2258 συνκαθισ[τοὶντί1οίς
1049 2187 1147 2258 κοιυῆι
1171 2174 1315 2258 plumba·
1339 2176 1394 2256 τὴν
1418 2175 1449 2238 δὲ

135 2269 175 2336 ὗν
197 2275 229 2337 ἔτι
252 2285 306 2336 τοῦ
329 2276 508 2356 πρυτανείου
531 2275 574 2350 είς
598 2270 753 2358 Πει[ραιᾶ]
774 2272 778 2356 Ι
799 2275 978 2357 πορεύεσθαι
1006 2274 1039 2337 ἐν
1061 2285 1114 2337 τῶι
1141 2274 1234 2336 αὐτῶν
1255 2281 1318 2350 τοῖς
1341 2274 1373 2336 ἔτι
1396 2284 1448 2336 τοῦ

138 2369 302 2454 Πειραιέως
325 2393 402 2450 quae
425 2376 470 2435 ita
493 2377 634 2452 explicat:
663 2395 805 2455 orgeones
827 2375 928 2435 Piraei
950 2395 1009 2435 non
1032 2393 1178 2449 recusare,
1201 2377 1274 2452 quin
1298 2394 1359 2434 una
1382 2395 1448 2436 oum

135 2473 259 2533 urbanis
287 2491 428 2550 pompam
461 2474 584 2548 ducant,
618 2469 710 2534 ‘crois
736 2476 759 2534 il
786 2493 816 2533 se
842 2473 988 2533 reservent
1014 2491 1056 2532 rm
1080 2474 1223 2548 pricildpe
1249 2476 1300 2547 qui
1328 2473 1397 2533 e'toit
1419 2475 1449 2532 la

136 2589 259 2645 rumque
281 2572 417 2632 deterere
440 2572 531 2632 ἀνιῶν
548 2573 621 2646 plus
644 2575 779 2644 euclem
801 2574 832 2632 to
855 2569 930 2633 truie
953 2574 1004 2646 qui
1027 2571 1096 2631 e‘toit
1113 2573 1144 2632 lo
1161 2573 1274 2632 victime
1293 2571 1450 2632 &scutelle

136 2673 235 2745 offerte
268 2671 287 2730 d
321 2671 351 2728 lo
383 2670 491 2740 ἀέριον,
529 2671 626 2731 decuit
660 2671 794 2731 mereto
828 2671 905 2730 dune
940 2672 1019 2730 leurs
1055 2664 1165 2746 raupa?
1233 2670 1315 2741 Quae
1351 2671 1448 2747 primo

137 2771 260 2845 espectu
287 2768 433 2842 arrident,
461 2767 512 2830 sed
540 2787 599 2828 non
627 2769 714 2829 modo
743 2788 819 2846 quae
844 2771 943 2846 priore
966 2769 1055 2828 r.15
1080 2771 1164 2845 parte
1188 2769 1352 2846 supplerit,
1380 2787 1448 2828 cum

137 2867 249 2927 litteris
272 2865 478 2927 aWilhelmio
497 2866 540 2926 ibi
558 2868 643 2929 lectis
661 2887 721 2928 non
740 2858 963 2950 conveniunt⁷),
986 2866 1038 2928 sed
1058 2875 1094 2926 ne
1113 2868 1305 2943 praeceptum
1329 2865 1449 2944 quidem
1499 2855 1501 2860 ’

136 2967 236 3042 ipsum
258 2965 334 3025 illud
357 2963 413 3043 τὴν
436 2961 467 3026 dt
490 2957 529 3026 ὗν
552 2969 610 3025 κτλ.
634 2967 794 3026 offensione
817 2969 914 3027 caret:
941 2967 1071 3043 primum
1094 2967 1161 3025 viae
1184 2963 1317 3025 definitio
1340 2962 1373 3025 ἐκ
1397 2971 1448 3024 τοῦ

136 3062 316 3137 πρυτανείου
339 3062 382 3136 εἰς
400 3065 483 3144 Hesp.
506 3065 536 3123 in
561 3067 710 3124 mentione
733 3065 892 3140 peculiaris
914 3065 1010 3142 partis
1030 3081 1157 3140 pompae
1179 3082 1285 3141 parum
1304 3066 1376 3140 apta
1396 3066 1449 3138 est,

137 3161 244 3221 deinde
267 3161 344 3222 illud
366 3160 547 3240 πορεύεσθαι
570 3160 607 3223 ἐν
630 3167 673 3244 τῷ
693 3161 785 3246 αὐτῷ
811 3167 872 3234 τοῖς
895 3164 934 3222 Π.
958 3162 995 3222 de
1016 3160 1188 3222 hominibus
1211 3161 1313 3221 eadem
1337 3180 1449 3240 pompa

137 3261 316 3324 consociatis
340 3262 452 3337 optime
476 3260 593 3336 dicitur,
615 3280 676 3321 non
699 3262 772 3321 item
795 3261 831 3320 de
854 3261 961 3336 bestia,
984 3259 1021 3322 de
1044 3279 1102 3337 qua
1126 3257 1182 3320 σὺν
1203 3261 1250 3320 rel
1274 3257 1344 3337 μετὰ
1366 3281 1389 3319 τ.
1409 3261 1447 3320 Π.

137 3358 236 3418 dicere
255 3357 327 3418 satis
347 3361 421 3432 erat,
439 3378 528 3435 porro
548 3359 626 3436 quod
645 3359 676 3418 in
695 3362 830 3436 proximo
847 3359 1003 3419 enuntiato
1021 3358 1134 3437 legitur
1147 3341 1270 3430 τούτουξ
1283 3359 1328 3417 ita
1341 3377 1448 3435 perum

137 3456 229 3518 habet
247 3475 306 3533 quo
324 3457 480 3517 referatur.
518 3457 576 3518 Res
595 3455 723 3535 denique
741 3457 816 3536 ipsa,
836 3475 896 3535 qua
913 3455 1101 3534 potissimum
1120 3456 1271 3517 nonnullis
1289 3457 1448 3517 lectionem

137 3554 280 3616 Foucarti
302 3554 460 3633 probatum
485 3557 522 3615 iri
545 3559 693 3633 suspicor,
716 3555 803 3618 valde
826 3555 919 3616 dubia
941 3558 998 3630 est3
1026 3555 1179 3618 victimam
1203 3554 1281 3614 enim
1305 3553 1448 3615 Bendidis

137 3653 293 3732 propriam
316 3670 398 3713 suem
421 3653 512 3714 fuisse
535 3653 587 3713 ille
610 3654 746 3732 sumpsit,
768 3673 828 3715 non
851 3652 1081 3731 demonstravit3
1104 3672 1140 3713 ea
1168 3653 1304 3730 quidem,
1332 3671 1449 3732 quaec

137 3751 290 3831 superiore
317 3750 407 3812 titulo
430 3743 472 3834 (r.
493 3745 602 3834 4sqq.)
630 3752 667 3811 de
695 3771 729 3811 ea
756 3771 789 3812 re
816 3749 919 3830 colligi
941 3753 1074 3829 possint,
1097 3751 1146 3810 vel
1172 3754 1356 3830 repugnant,
1387 3750 1449 3812 iam

136 3867 209 3910 vero
232 3849 407 3911 Piraeenses
435 3852 466 3910 et
488 3851 616 3912 Threces
644 3869 703 3911 non
731 3869 816 3911 suam
844 3851 988 3928 utrosque
1009 3850 1138 3910 hostiam
1163 3849 1282 3910 duxisse
1306 3852 1336 3910 et
1359 3849 1449 3910 sacri·

137 3947 272 4008 ficavisse
290 3945 464 4008 incredibile
488 3951 545 4022 est,
568 3951 603 4008 ut
624 3951 690 4009 tota
713 3949 767 4009 illa
789 3947 992 4010 Piraeensium
1016 3947 1115 4009 cautio
1138 3946 1226 4009 irrita
1247 3948 1296 4008 sit.
1342 3947 1449 4022 Quare,

138 4051 172 4106 ut
196 4065 276 4106 nunc
300 4047 379 4105 certe
397 4063 445 4105 res
464 4049 517 4122 eet,
540 4049 674 4124 praestat
691 4046 746 4107 illa
760 4043 925 4106 Willrelmii
944 4047 1043 4120 lectio,
1066 4047 1145 4107 etin
1166 4065 1327 4126 orgeouum
1349 4045 1447 4106 titulis

138 4143 286 4205 eiusmodi
309 4142 513 4224 neglegentias
537 4147 703 4206 stricturae
723 4145 845 4205 minime
869 4143 1019 4204 inauditas
1042 4162 1104 4204 esse
1128 4145 1270 4221 exemplis
1288 4143 1362 4205 eatis
1380 4163 1447 4222 pro·

137 4243 222 4303 bavit
241 4241 392 4302 Wilhelm.

227 4339 263 4400 V.
286 4343 401 4417 16sqq.
425 4340 517 4400 verba
540 4336 734 4422 παρῆχοντυς
757 4339 789 4401 ίν
812 4362 840 4401 τε
864 4349 915 4401 τῶι
934 4340 1101 4420 Νυμφαίυι
1124 4335 1305 4421 υφ[ό]γγους
1327 4343 1386 4402 κτλ.
1410 4339 1447 4400 ad

137 4438 350 4498 mactationem
383 4457 490 4516 porcae
522 4439 604 4498 illics
633 4440 665 4499 in
692 4439 869 4517 Nymphaeo
896 4439 1063 4499 faciendam
1091 4457 1274 4516 semenque
1302 4438 1447 4516 quaedam

138 4543 355 4552 .-————-.--..-1

228 4605 256 4668 6)
277 4599 370 4654 ‘Duce
387 4601 435 4654 der
449 4599 568 4673 Ferteup
585 4617 639 4656 υοιι
652 4601 712 4656 dem
725 4601 818 4657 Hercle
837 4602 883 4657 dee
897 4603 1082 4672 Prytouee'cue
1096 4601 1216 4673 coepelat,
1235 4619 1281 4655 υυι
1295 4617 1349 4656 ocu
1361 4602 1449 4656 dieecr

138 4681 256 4754 wipere
274 4679 361 4736 Stltus
379 4679 471 4736 Feuer
496 4697 532 4736 τυ
554 4682 725 4747 eatretinere,
751 4682 791 4737 eei
813 4683 851 4736 im
869 4682 1003 4737 Hlnbliclc
1025 4682 1081 4749 auf
1100 4681 1152 4735 due
1174 4681 1261 4735 duret
1280 4681 1382 4736 Platon
1406 4681 1447 4736 bc·

139 4761 241 4816 canere
260 4761 405 4828 Noottsest
422 4761 471 4816 der
488 4760 714 4831 dpcruoiupmctc
732 4762 911 4834 ongedesetet.'
939 4761 1082 4816 Wilhclm.

230 4843 256 4910 ⁷)
276 4839 427 4894 nonnullae
446 4857 540 4896 eorum
562 4840 602 4893 vel
623 4841 651 4894 in
671 4841 795 4911 imagine
813 4841 1039 4912 photogrcpbicu
1056 4845 1131 4896 certe
1146 4841 1349 4906 dieeonrautur,
1368 4857 1447 4908 prce

141 4923 221 4992 cipue
240 4923 348 4977 ΜΡΗΝ,
