3426 5462
243 263 286 328 72
762 261 877 316 Lucas
896 259 1036 316 adoaia

242 438 348 510 postea
371 433 489 492 demum
513 451 581 492 curn
604 431 745 509 Apolline
769 431 913 491 coaluisse
937 429 1099 490 videamus.
1145 431 1353 506 Antiquiorem
1376 431 1471 510 igitur
1493 433 1555 493 cul-

243 534 294 590 tus
317 531 445 589 formam
468 531 571 589 fanum
590 529 757 602 Piraeense‚
781 528 832 588 ubi
855 532 956 588 tamen
980 528 1095 588 advena
1119 532 1183 587 erat
1206 529 1287 604 deus,
1310 530 1441 590 servavit
1464 549 1556 606 quam

243 629 441 706 Epidaurium
469 631 508 704 et,
537 629 563 687 si
585 627 673 704 Isylli
695 627 828 687 versibus
856 631 977 687 tantum
1000 628 1130 686 tribuere
1158 627 1242 702 licet,
1269 629 1367 705 ipsum
1391 628 1557 703 Triccense,

243 729 348 787 fanum
371 727 447 785 illud
471 726 722 802 antiquissimum,
744 726 822 785 unde
844 726 974 802 primum
993 725 1163 802 Aesculapii
1188 725 1302 785 cultum
1322 746 1376 802 per
1398 724 1556 786 Graeciam

244 827 372 885 dilatum
401 844 463 885 esse
492 825 645 902 probabile
679 817 771 906 est⁴)‚
804 843 863 900 qne
890 843 921 882 re
950 822 1111 901 singularis
1138 825 1283 900 quaedam
1308 827 1471 884 auctoritas
1494 825 1559 903 legi

244 923 397 984 Piraeensi
421 924 505 998 quasi
530 924 659 1002 genuino
684 922 781 982 cultus
802 921 973 981 testimonio
993 922 1115 982 accedit.
1154 922 1211 982 Sed
1230 923 1281 999 qni
1303 925 1368 981 erat
1385 923 1437 982 ille
1462 923 1559 983 deus?

245 1015 401 1104 Ποντικοῦ),
424 1041 490 1081 curn
513 1021 642 1081 nominis
666 1020 810 1098 originem
835 1039 853 1078 a
875 1020 1083 1098 promunturio
1101 1021 1210 1095 Meles,
1233 1020 1269 1081 de
1290 1041 1349 1098 quo
1367 1020 1490 1082 Meister
1508 1042 1559 1082 co-

245 1121 404 1198 gitaverat,
433 1120 562 1180 alienam
586 1139 649 1179 esse
672 1137 844 1196 persuasum
868 1119 1004 1193 heberet,
1032 1139 1144 1180 avoca
1172 1115 1265 1198 μηλέα
1288 1139 1309 1180 s.
1333 1117 1425 1196 μαλέα
1448 1140 1557 1181 nomen

245 1218 395 1278 derivavit
426 1237 461 1278 ao
493 1237 559 1278 oum
593 1237 627 1276 eo
660 1219 845 1294 comparavit
869 1215 1018 1277 Διόνυσον
1046 1217 1202 1296 Συκεάτην
1230 1218 1277 1278 vel
1305 1219 1438 1294 Συκίτην
1466 1223 1497 1278 et
1521 1223 1559 1278 A.

246 1310 438 1398 devdplrrpvfl)
469 1315 546 1374 Sane
569 1335 605 1374 ne
624 1315 668 1374 ita
687 1315 805 1392 quidem
825 1315 898 1375 satis
916 1315 1111 1392 intellegitur,
1130 1335 1260 1393 quanam
1278 1317 1393 1376 ratione
1413 1303 1460 1376 hic
1475 1317 1560 1390 dena,

247 1416 415 1492 quicunque
444 1419 502 1489 est,
530 1413 708 1490 Aesculapio
733 1415 918 1474 consociatus
941 1414 993 1490 sit,
1021 1435 1075 1474 nec
1099 1415 1176 1473 enim
1200 1415 1303 1474 eadem
1327 1415 1385 1473 fuit
1407 1415 1560 1474 Malealae

247 1514 381 1574 condicio
410 1516 500 1590 atque
524 1513 684 1588 Apollinis,
717 1514 770 1588 qui
798 1512 869 1570 deus
896 1513 984 1571 facile
1007 1513 1038 1571 vi
1066 1515 1096 1572 et
1124 1512 1301 1573 auctoritate
1330 1513 1460 1573 numinis
1489 1533 1560 1573 oum

247 1613 375 1672 aliorum
394 1615 459 1672 turn
475 1611 648 1688 Aesculapii
666 1609 851 1686 provinciam
869 1610 1024 1670 invaderet
1042 1613 1125 1685 adeo,
1143 1614 1178 1669 nt
1196 1611 1342 1688 Epidauri
1361 1611 1408 1670 vel
1428 1611 1560 1687 priorem

247 1712 277 1770 in
302 1709 456 1770 amborum
480 1709 630 1768 mentione
659 1711 755 1768 locum
785 1702 972 1791 obtineret.⁷)
1019 1710 1084 1780 Quo
1111 1709 1208 1788 magis
1235 1712 1342 1768 notatu
1365 1710 1488 1788 dignum
1511 1717 1561 1769 est

245 1812 277 1868 in
304 1811 361 1868 hac
389 1810 453 1888 lege
477 1809 627 1867 Maleaten
654 1808 797 1884 priorem,
825 1807 996 1883 Apollinem
1024 1807 1184 1868 seeundum
1212 1808 1309 1868 locum
1337 1813 1451 1882 tenere,
1478 1809 1561 1867 unde

246 1908 293 1966 illi
317 1908 475 1966 arctiorem
504 1905 655 1982 quendam
683 1925 750 1964 enm
774 1907 882 1963 natura
904 1905 1076 1982 Aesculapii
1104 1907 1195 1966 luisse
1218 1906 1465 1967 necessitudinem
1489 1925 1561 1966 con-

247 2005 395 2064 cluserim.
446 2005 508 2063 Nec
539 2023 610 2064 vero
642 2004 820 2080 persuadere
852 2003 925 2062 mihi
958 2024 1079 2080 possum
1108 2006 1187 2063 iuter
1213 2005 1362 2064 Maleatas
1392 2023 1499 2064 nomen
1527 2007 1562 2063 et

248 2104 322 2164 satis
350 2104 446 2163 multa
469 2104 602 2162 locorum
625 2103 747 2162 nomina
770 2095 911 2184 similia⁸)
936 2103 1051 2162 nullum
1074 2103 1166 2163 fuisse
1190 2122 1345 2178 conexnm3
1372 2106 1454 2181 regio
1478 2107 1563 2162 certe

247 2202 443 2278 Peloponnesi
470 2201 608 2260 Maleatis
635 2201 685 2260 vix
713 2221 730 2260 a
758 2200 889 2260 Maleata
917 2202 1049 2278 separari
1077 2204 1185 2278 potest.
1230 2201 1402 2262 Notandum
1429 2200 1561 2278 denique

248 2301 277 2360 id
307 2320 424 2377 quoque
452 2300 527 2359 duco
551 2300 652 2374 deum,
683 2299 735 2374 qui
763 2299 794 2357 in
821 2303 922 2359 monte
951 2298 1092 2376 Cynortio
1121 2303 1151 2359 et
1178 2300 1209 2358 in
1238 2299 1369 2377 Gynuria
1396 2299 1562 2376 colebatur,

249 2398 374 2459 eundem
396 2399 452 2458 hac
475 2398 541 2476 lege
565 2398 766 2458 consociatum
790 2416 852 2457 esse
876 2417 943 2458 enm
965 2397 1047 2458 Κοσέ
1067 2401 1098 2457 et
1120 2395 1312 2478 Κυνηγέταις.

337 2496 402 2556 Iam
428 2497 581 2572 quaeritur
604 2496 655 2572 qui
678 2496 791 2554 fuerint
813 2496 858 2554 illi
878 2494 976 2568 Κύνες
1000 2499 1030 2555 ct
1047 2492 1224 2575 Κννηγέται,
1249 2496 1300 2572 qni
1321 2516 1380 2556 uno
1403 2499 1574 2574 praeterea,

247 2597 312 2655 loco
336 2599 501 2670 occurrunt,
526 2595 605 2671 apud
628 2593 783 2654 Platonem
808 2597 951 2654 comicum
977 2586 1098 2676 (Athen.
1113 2595 1140 2653 X
1155 2587 1270 2670 Adlelz

507 2719 534 2779 εἰ
555 2717 611 2799 γὰρ
637 2719 750 2780 Φάωνα
772 2712 869 2779 δεῖσθ’
896 2718 981 2796 ideis,
1003 2716 1154 2800 προτέλεια
1176 2719 1226 2779 δεῖ

506 2815 584 2896 ὑμᾶς
607 2827 730 2898 ποιῆσαι
752 2816 845 2878 πολλὰ
868 2817 1010 2897 πρότερον
1033 2818 1141 2878 τοιαδί·

507 2925 607 2996 κτρῶτα
632 2913 685 2994 μὲν
708 2913 772 2994 Apol
795 2913 850 2997 γὰρ
873 2913 1077 3001 Κουροτρόφῳ
1101 2916 1264 2994 προθύεται

506 3018 638 3086 πλακοῦς
661 3012 798 3095 ἐνόρχης,

249 3143 311 3200 iarn
326 3140 405 3199 inter
419 3142 542 3199 numina
556 3141 703 3217 quaedam
717 3139 863 3217 genitalia
877 3141 961 3199 velut
971 3139 1153 3215 Orthannen,
1169 3140 1299 3200 Celetem
1313 3145 1563 3200 commemoratur

507 3255 623 3337 πύργης
646 3255 781 3336 τετάρτης
804 3255 886 3315 Κυσέ
907 3253 1003 3316 τεκαὶ
1026 3253 1212 3335 Κυνηγέταις

250 3373 326 3432 undo
354 3374 408 3432 hos
437 3372 596 3432 daemonas
624 3373 698 3432 satis
725 3372 885 3449 populares
915 3373 1005 3432 fuisse
1034 3373 1242 3451 Furtwtngler
1265 3375 1371 3433 merito
1395 3367 1560 3454 collegit.⁹)

250 3472 390 3530 Inleros
415 3473 515 3531 autem
538 3471 697 3530 daemones
725 3471 818 3530 fuisse
846 3474 876 3529 et
898 3470 946 3530 hic
970 3475 1000 3530 et
1024 3472 1125 3530 eodem
1154 3475 1286 3548 tempore
1310 3465 1558 3553 Wilamowitz¹⁰)

249 3589 302 3630 suo
324 3571 388 3628 iure
407 3572 584 3630 statuerunt.
621 3568 729 3628 Kaibol
745 3589 815 3630 sane
835 3589 930 3646 nuper
947 3569 979 3627 in
998 3571 1118 3648 egregia
1137 3571 1394 3645 commentatione,
1413 3591 1503 3654 quam
1522 3570 1559 3630 de

339 3739 619 3808 4)R0bert-Prelle1
639 3741 686 3796 Gr.
704 3740 745 3794 M.
765 3759 792 3810 p.
809 3745 868 3795 517.
1031 3743 1057 3810 5)
1079 3742 1272 3796 chemomeo
1292 3759 1319 3811 p.
1336 3747 1395 3795 146.

340 3823 366 3890 6)
385 3820 458 3874 adde
476 3817 600 3888 ’Ἄρτεμιν
620 3824 773 3887 Κεδρεᾶτιν
793 3820 883 3890 (Pans.
894 3819 959 3874 VIII
974 3827 1016 3889 13,
1026 3825 1064 3890 2);
1090 3820 1124 3874 cf.
1145 3821 1231 3875 etiam
1254 3837 1325 3890 quae
1349 3821 1383 3875 de
1402 3822 1461 3875 eius
1480 3821 1558 3876 modi

251 3901 294 3954 dis
313 3901 458 3954 adnotavit
477 3900 550 3954 Kern
570 3901 645 3971 apud
663 3899 909 3970 Pauly-Wissowa
927 3901 965 3955 III
983 3921 1010 3972 p.
1028 3906 1086 3955 15⁷.

340 3983 366 4050 7)
386 3981 419 4034 cf.
439 3981 589 4050 praecipue
608 3999 634 4034 n.
651 3987 693 4036 54.

339 4063 366 4132 8)
384 4064 497 4131 praeter
514 4063 739 4131 promunturium
759 4062 969 4117 celeberrimum
988 4062 1117 4133 inprimis
1136 4062 1190 4116 huc
1209 4062 1279 4116 facit
1292 4063 1370 4132 regio
1385 4061 1557 4131 Peloponne-

251 4143 327 4196 siaca
345 4145 500 4204 Μαλεᾰτιςτ
524 4141 592 4196 Xan.
608 4141 730 4197 HellVI
744 4149 813 4210 5,24
833 4139 868 4212 ἦν
887 4142 919 4198 δὲ
938 4143 985 4197 καλ
1005 4143 1050 4197 έπλ
1069 4143 1198 4214 Λεύκτρῳ
1221 4143 1290 4211 ὑπὲρ
1313 4151 1362 4211 τῆς
1380 4142 1560 4204 Μαλεάτιδος

250 4221 362 4292 φρουροὶ
382 4221 426 4292 (es.
442 4221 564 4276 ThunV
579 4229 613 4276 δέ
632 4226 661 4276 et
679 4223 781 4277 Miiller
799 4225 902 4278 Dorier
920 4221 945 4276 11
963 4242 990 4293 p.
1006 4229 1058 4276 448
1078 4225 1107 4276 et
1126 4225 1201 4291 ott),
1225 4222 1326 4277 deiude
1353 4223 1488 4292 oppidum
1507 4223 1557 4276 Ar·

251 4303 348 4356 cadiae
367 4300 467 4357 Μαλέα
483 4301 637 4356 PausVlll
651 4309 694 4369 27,
704 4311 729 4372 4,
749 4301 897 4368 Μαλοίτας
913 4304 1016 4357 flumen
1036 4303 1173 4358 Arcadiae
1192 4303 1342 4370 irridear
1363 4302 1407 4372 (ef.
1420 4300 1558 4358 Ἀπόλλων

250 4380 388 4446 Μαλόεις,
407 4399 490 4450 quern
510 4383 566 4436 iem
585 4383 700 4438 Meister
719 4401 781 4437 oum
800 4383 923 4454 Molesta
941 4384 1061 4438 contulit
1079 4386 1108 4438 et
1126 4399 1227 4438 nomen
1247 4401 1264 4437 a
1281 4384 1474 4453 promunturio
1493 4383 1559 4438 Les-

250 4462 331 4517 bieco
346 4461 471 4524 Μαλόεις
485 4463 639 4532 derivavit),
658 4464 726 4518 item
740 4465 877 4520 Arcadiae
891 4465 994 4519 flumen
1008 4469 1126 4528 Μαλοῦς
1140 4465 1206 4519 ibid.
1221 4469 1303 4530 so,1;
1323 4465 1558 4518 commemorandi

251 4543 337 4596 etiam
356 4545 476 4604 Μαλιεῖς
494 4543 634 4609 Thessali,
658 4562 827 4615 quamquem
850 4545 937 4599 iidem
960 4546 1046 4600 etiarn
1070 4547 1188 4614 Μηλιεῖς
1211 4544 1342 4612 audiunt,
1371 4547 1399 4598 et
1422 4545 1558 4614 oppidum

251 4622 413 4677 Thessaliae
431 4622 541 4678 Maloea
555 4623 622 4692 (Lir.
639 4630 681 4693 31,
691 4632 724 4680 41
740 4629 769 4680 et
783 4629 894 4696 ee,10);
914 4625 1034 4695 denique
1048 4625 1186 4695 Pelasgi
1210 4625 1284 4680 filius
1299 4625 1419 4688 Μάλεας
1437 4626 1560 4680 occurrit

251 4702 341 4757 Strab.
352 4703 378 4756 V
391 4722 418 4773 p.
435 4709 487 4756 225
506 4702 550 4772 (cf.
562 4703 750 4760 Wilamowita
769 4708 845 4778 Isyll.
864 4726 892 4777 p.
909 4712 970 4776 100,
981 4710 1033 4778 81).

340 4786 366 4854 9)
386 4783 547 4855 Samrnlunq
565 4784 714 4853 Sobocroff
730 4788 807 4842 Eiet.
823 4805 852 4856 p.
867 4792 911 4844 25.

324 4867 366 4934 10)
385 4865 485 4936 Isyllos
503 4883 529 4934 p.
546 4871 611 4931 10ος
631 4865 664 4918 cl.
681 4868 765 4923 etiam
785 4867 898 4938 poffer
918 4871 973 4925 Att.
992 4870 1101 4926 Gerreol.
1122 4887 1147 4938 p.
1166 4875 1225 4924 302.
1251 4895 1261 4914 ·
