3424 5462
244 319 311 386 226
767 317 881 374 bueus
900 317 1040 375 SAGRAE

244 490 435 564 doryebrucht
458 489 541 554 eoird,
565 484 585 547 ἆ
607 485 695 569 ἀγαία
719 486 840 568 μόσχος;
863 489 909 548 iot
931 489 996 548 lette
1018 489 1080 548 oleo
1103 484 1208 567 ἆγαῑος
1230 505 1287 547 von
1309 489 1361 548 der
1386 489 1504 548 Wurrel
1525 491 1566 547 in

244 584 307 668 dyo
329 588 380 646 ob:
407 589 449 646 eie
471 589 555 661 sithri
576 588 632 646 don
655 585 720 661 Ζιιγ
742 587 794 645 der
818 585 978 660 Opfertiero
1000 581 1061 644 ore'
1109 585 1192 656 Quae
1220 588 1390 646 coniectura
1421 587 1565 663 quamvis

245 688 333 746 acuta
355 684 548 763 priorumque
571 677 791 764 commertium)
819 684 923 760 utique
945 683 1153 760 praeferende,
1181 702 1216 742 ex
1244 683 1325 743 omni
1348 686 1449 744 tamen
1469 688 1564 760 parte

243 787 311 842 tuta
338 803 398 843 non
426 785 479 842 ost
524 783 603 841 Nam
631 783 841 859 praeterquam
870 781 963 858 quod,
990 783 1017 840 si
1044 799 1098 860 ego
1128 801 1220 858 supra
1241 785 1322 841 reete
1344 781 1511 859 disputavi,
1541 779 1563 840 ἆ

244 879 409 954 δαωδειιαῒς
436 883 504 959 ipsa
526 880 675 956 Apollini,
708 898 767 939 non
790 880 931 959 Buzyges
960 879 1153 940 sacrificanda
1183 881 1261 954 erat,
1293 880 1421 939 vitulam
1450 899 1562 958 agmen

243 981 411 1040 hostiarum
433 978 553 1038 duxisse
575 979 696 1038 omnino
718 980 783 1037 veri
805 981 851 1038 est
874 977 1030 1051 dissimile;
1061 978 1167 1038 duoere
1190 977 1306 1037 solebat
1328 977 1395 1052 bos,
1421 977 1453 1036 id
1477 977 1563 1055 quod

244 1078 386 1154 exemplis
409 1078 447 1136 ab
469 1078 536 1154 ipso
559 1077 655 1136 Baun.
675 1076 777 1136 allatis
800 1067 975 1155 apparet.⁴⁹)
1023 1074 1080 1134 Sed
1105 1093 1226 1153 prorsus
1249 1075 1332 1135 illius
1356 1078 1562 1136 coniecturam

243 1196 302 1235 non
327 1175 493 1236 abieoerim.
541 1173 620 1245 Quid
643 1176 731 1249 enim,
755 1174 781 1234 si
803 1176 883 1233 inter
905 1173 1061 1234 duodecim
1084 1173 1197 1235 hostias
1220 1177 1340 1250 praeter
1361 1173 1481 1248 bovem,
1504 1176 1563 1251 qui

243 1277 416 1334 universum
443 1291 550 1351 agmen
578 1272 718 1348 duoehat,
746 1272 881 1348 aliasque
904 1273 1042 1332 victimas
1071 1273 1163 1332 etiam
1186 1273 1303 1349 aliquot
1329 1271 1422 1331 fixisse
1444 1273 1561 1332 vitulas

244 1372 415 1446 statuimus,
438 1391 567 1447 quarum
589 1373 621 1429 in
644 1389 755 1447 pompa
777 1371 914 1446 priuoeps
932 1368 1096 1430 vocabatur
1113 1365 1133 1429 ἆ
1151 1365 1241 1449 &sola
1259 1367 1388 1448 μόσχος7
1406 1401 1451 1411 -
1470 1389 1496 1428 v.
1513 1370 1558 1428 36

244 1466 281 1528 τὰ
304 1477 356 1529 τῶι
374 1468 507 1529 Λακείωι
530 1467 676 1549 δάρμαται
699 1467 789 1528 schol.
808 1468 907 1545 Apoll.
927 1467 1022 1527 Rhod.
1041 1465 1135 1525 1185
1159 1468 1283 1545 Buzyga
1300 1465 1408 1527 Λύκου
1432 1467 1494 1526 filia
1512 1467 1561 1526 di·

244 1569 335 1642 eitur,
358 1568 388 1626 in
413 1567 469 1627 heo
491 1567 557 1645 lego
580 1565 643 1626 filio
666 1568 711 1625 est
733 1566 870 1642 Phanoti,
894 1566 1028 1641 aliquam
1050 1569 1152 1625 tamen
1175 1566 1423 1626 necessitudinem
1442 1567 1470 1625 ei
1488 1585 1561 1625 oum

243 1665 325 1742 Lyoo
347 1665 438 1726 fuisse
462 1683 497 1724 ex
519 1664 575 1724 hoe
597 1667 756 1741 praecepto
781 1667 914 1740 apparet,
938 1664 1080 1739 quoniam
1103 1664 1245 1724 sacellum
1263 1663 1338 1740 Lyoi
1366 1664 1464 1724 herois
1487 1663 1560 1738 diei,

244 1765 292 1822 oui
315 1765 350 1822 ut
371 1763 540 1839 propinquo
558 1761 699 1840 Buzyges
722 1781 738 1820 e
762 1761 939 1837 quibusdam
962 1762 1055 1822 saeris
1079 1762 1171 1838 pelles
1192 1761 1358 1821 offerendae
1377 1765 1471 1836 erant,
1494 1781 1559 1820 eer-

242 1865 307 1919 tum
331 1860 414 1919 duoo.
461 1857 612 1928 Quaenam
641 1877 712 1918 sane
741 1877 826 1919 saera
849 1877 885 1918 ea
907 1859 1032 1934 fuerim,
1059 1861 1167 1921 neseio.
1214 1857 1352 1919 Ceterum
1375 1859 1455 1937 quod
1478 1861 1558 1919 anti-

243 1977 303 2034 qua
324 1958 379 2018 illa
401 1961 563 2035 praecepta
585 1955 621 2035 ἐμ
646 1959 780 2017 Φαναιεῖ
797 1955 830 2017 ἕν
852 1965 900 2016 τᾶι
922 1953 1024 2036 πέτραι
1050 1955 1126 2017 todo
1148 1959 1294 2034 inscripta
1316 1957 1465 2031 dicuntur,
1488 1977 1559 2018 eum

242 2058 334 2115 ceteri
351 2056 493 2132 oppidum
508 2055 659 2115 Phooense
673 2057 706 2114 in
720 2054 854 2115 confiniis
868 2055 1011 2116 Boeotiue
1029 2055 1121 2114 situm
1136 2055 1359 2131 intellexissent,
1372 2055 1509 2116 Pomtow
1515 2047 1558 2136 ⁵⁰)

242 2154 322 2230 apud
345 2153 425 2230 ipsos
449 2155 549 2231 potius
573 2153 705 2230 Delphos
728 2151 807 2213 idem
830 2172 937 2213 nomon
961 2153 1052 2213 fuisse
1074 2152 1199 2230 rupibus
1222 2154 1360 2230 saxisque
1378 2153 1416 2213 ab
1441 2155 1558 2213 oriente

242 2253 356 2312 oreouli
374 2251 606 2324 imminentibus,
624 2249 675 2310 ubi
695 2251 848 2327 antiquior
861 2250 1070 2326 Labyudarum
1086 2251 1193 2312 titulus
1207 2252 1287 2328 rupii
1301 2243 1446 2333 noisua⁶¹)
1461 2253 1557 2326 extet,

241 2351 377 2425 oonieeit,
400 2351 457 2409 etsi
475 2348 634 2425 Labyadas
658 2368 693 2408 ex
712 2349 822 2426 oppido
845 2349 899 2408 illo
918 2349 1071 2408 Phanoteo
1091 2351 1173 2409 ortas
1192 2367 1254 2410 esse
1274 2351 1380 2428 negari
1402 2367 1462 2408 non
1480 2349 1557 2408 vult.

329 2447 366 2505 V.
381 2448 422 2505 47
451 2444 487 2505 τὰ
514 2444 684 2524 Ῑιαιιρόθινα
711 2465 749 2506 so.
769 2443 906 2526 παρέγεντ
939 2448 1090 2523 primitiae
1117 2449 1269 2506 fruetuum
1296 2447 1449 2521 dicuntur,
1477 2466 1558 2523 quae

240 2545 386 2622 Apellaeo
410 2547 441 2603 et
463 2544 590 2606 Bueatio
613 2543 773 2619 mensibus,
796 2544 848 2621 qui
870 2545 932 2604 fere
955 2544 1033 2604 Iulio
1056 2547 1088 2604 et
1109 2543 1247 2622 Augusto
1269 2546 1417 2604 fastorum
1439 2548 1558 2604 nostro-

240 2663 306 2703 rum
330 2642 518 2721 respondent,
541 2643 625 2702 reddi
647 2643 754 2703 merito
777 2641 926 2702 iubentur.
944 2675 988 2684 —
1009 2663 1037 2702 v.
1053 2643 1094 2702 48
1119 2641 1343 2720 σαμπιιιίσκεινι
1366 2645 1470 2720 paneis
1489 2642 1557 2719 qui·

241 2739 296 2800 hus
324 2741 436 2818 legitur
462 2742 535 2801 loeis
558 2741 682 2800 verbum
709 2740 860 2800 πιπίσκειν
887 2740 1037 2818 significet
1059 2745 1162 2815 porum
1185 2741 1275 2801 alicui
1292 2743 1442 2815 praebere.
1489 2743 1556 2799 Λα-

240 2837 355 2917 βαάδας
376 2840 474 2916 igitur
496 2839 545 2898 hio
568 2840 755 2898 aecusativus
779 2838 896 2914 obiecti,
918 2838 1084 2899 subiectum
1107 2842 1207 2897 autem
1231 2841 1331 2898 animo
1354 2838 1556 2915 supplendum

240 2939 298 2996 est:
330 2937 525 3014 magistratus
558 2954 597 2996 so.
625 2935 748 3013 quidam
780 2937 946 3012 phratriae,
979 2939 1032 3013 qui
1063 2933 1136 3015 ἆμεῖ
1162 2938 1182 2995 i.
1202 2956 1225 2994 e.
1254 2937 1405 2996 communi
1431 2939 1555 3012 sumptu

239 3033 428 3111 phraterihus
456 3036 627 3094 eonvivium
655 3052 762 3110 parare
785 3035 900 3094 debent.
946 3033 982 3092 Id
1009 3037 1111 3094 autem
1132 3035 1245 3111 ipsum,
1273 3033 1353 3110 quod
1376 3053 1436 3094 non
1458 3033 1555 3094 nomi·

241 3134 360 3207 uantur,
382 3129 490 3212 ταγοὺς
509 3132 567 3192 diei
590 3132 714 3207 indicat,
737 3131 775 3190 ad
799 3132 878 3208 quod
902 3134 984 3208 prior
1007 3132 1116 3209 lapidis
1140 3151 1209 3208 pars
1228 3123 1449 3212 pertinebat.⁶²)
1490 3131 1555 3190 Neo

239 3229 378 3290 inaudita
396 3234 442 3289 est
464 3229 536 3290 talis
559 3229 692 3307 liturgia,
716 3230 752 3288 of.
772 3248 796 3288 e.
811 3251 839 3308 g.
858 3233 1019 3306 praeoopta
1037 3229 1250 3290 Iobaeohorum
1268 3250 1296 3288 n.
1312 3231 1352 3288 46
1373 3249 1400 3288 v.
1417 3231 1554 3305 lllsqq.

239 3360 283 3369 -
307 3347 334 3387 v,
355 3331 397 3388 50
424 3325 608 3407 ἀπάγεσθαι,
636 3347 696 3387 non
718 3324 883 3407 ἀγαγέσθαι
910 3347 1013 3386 verum
1040 3328 1174 3403 videtur,
1204 3330 1349 3388 aoristum
1378 3329 1456 3386 enim
1480 3327 1554 3386 ferri

238 3443 299 3486 non
321 3443 408 3502 posse
432 3425 580 3504 Drugumi
603 3425 821 3484 eoncedendum
844 3428 902 3500 est,
930 3425 982 3485 sed
1005 3425 1078 3502 quid
1100 3426 1175 3485 illud
1198 3421 1366 3505 ἀπάγεσθαι
1388 3425 1447 3485 sibi
1468 3425 1553 3500 velit,

239 3543 299 3583 non
319 3543 473 3600 assequor3
492 3525 613 3584 omnino
631 3525 775 3600 postremi
794 3525 947 3599 praecepti
964 3524 1110 3584 rationem
1130 3542 1235 3601 parum
1251 3523 1408 3600 perspicio.
1436 3523 1553 3598 Epulas

241 3622 320 3681 enim
335 3621 473 3698 Apelloei
488 3625 518 3680 et
531 3621 652 3680 Buoatii
665 3641 738 3680 num
751 3618 805 3680 κὰτ
819 3618 872 3680 τὰν
886 3619 966 3700 ὥραν
980 3623 999 3680 i.
1010 3640 1034 3682 e.
1049 3640 1103 3681 suo
1117 3624 1250 3698 tempore
1264 3640 1332 3680 non
1346 3618 1554 3680 habebantur?

329 3826 378 3881 75.
404 3824 513 3880 Tabula
531 3827 677 3881 marmoris
696 3842 729 3881 ex
744 3825 837 3880 insula
846 3825 964 3896 Aegina,
983 3843 1039 3894 quo
1054 3827 1114 3880 sine
1129 3824 1215 3880 dubio
1225 3824 1345 3880 Athenis
1359 3827 1551 3894 transportata

238 3910 311 3974 erat,
336 3924 354 3960 a
372 3905 503 3961 Fauvelio
527 3905 649 3961 Parisios
672 3906 771 3973 missa,
794 3905 844 3960 ubi
867 3923 942 3960 nuno
964 3905 993 3960 in
1016 3923 1113 3961 museo
1136 3905 1251 3975 publioo
1271 3904 1379 3974 (Clarae
1402 3905 1498 3960 Mose
1517 3905 1551 3960 de

236 3987 375 4056 sculpture
393 4005 419 4041 n.
435 3991 496 4053 453,
515 3989 693 4056 inemptum
706 3989 747 4056 pt
758 3991 800 4042 44.
816 3991 852 4042 45
865 3987 939 4042 Adel.
954 3988 992 4056 pl.
1007 3987 1067 4042 LX
1072 3987 1139 4056 V1);
1159 3984 1249 4040 fraeto
1262 3988 1306 4040 ost
1319 4003 1336 4039 a
1350 3985 1448 4039 dextra
1460 3987 1549 4054 perte.

309 4185 353 4252 48)
382 4185 410 4239 la
433 4183 497 4239 telle
520 4183 624 4254 pertore
647 4181 742 4249 Hom,
769 4182 854 4252 Drag.
874 4181 983 4252 ἄγαται
1001 4183 1019 4236 i.
1033 4198 1056 4236 e.
1071 4181 1197 4252 ἀγασιάα
1220 4180 1304 4251 legit3
1332 4180 1457 4235 Brunoni
1475 4179 1548 4248 Keil,

238 4262 287 4331 qui
306 4265 383 4318 reete
402 4263 436 4318 de
456 4265 532 4318 certo
551 4264 673 4332 quodam
692 4261 830 4318 sacrificio
849 4263 897 4334 agi
915 4261 1016 4330 sensit,
1039 4261 1096 4317 ‘ein
1114 4260 1423 4317 iode‘oidoobeiereodo·
1443 4260 1550 4315 (lotter-

236 4343 302 4399 oder
328 4345 461 4415 eonstiyer
486 4343 636 4399 Kuttname
659 4344 691 4397 r'n
713 4363 766 4398 ταν
792 4344 897 4414 dysme
925 4342 990 4397 oder
1011 4341 1185 4411 ταναγαιαιι’
1215 4339 1303 4395 latere
1326 4341 1452 4407 videtum
1480 4339 1550 4393 arti-

238 4421 318 4478 oulus
336 4423 389 4478 τάν
408 4423 518 4480 oollatie
538 4423 638 4478 ueteris
657 4423 798 4478 enuntiati
816 4423 949 4477 membris
967 4422 1067 4491 utique
1085 4421 1248 4476 retinendus
1267 4421 1386 4475 videtur.

307 4506 353 4573 49)
377 4502 411 4558 el.
427 4521 491 4558 oum
509 4504 553 4558 tit.
569 4506 626 4559 not.
642 4509 676 4556 47
696 4503 823 4571 allatum,
842 4506 904 4558 tum
921 4503 966 4558 tit.
981 4503 1012 4556 in
1030 4501 1162 4556 thesauro
1179 4501 1394 4557 Atheniensium
1412 4503 1547 4570 repertos.

308 4586 352 4653 50)
380 4600 425 4654 ap.
444 4583 536 4638 Hiller
559 4584 594 4639 de
613 4583 783 4655 Gtrtringen
809 4583 964 4639 Geochichle
985 4599 1039 4639 ooo
1057 4583 1161 4650 Delphi
1181 4600 1209 4652 p.
1228 4586 1262 4636 10
1287 4579 1549 4651 (Pauly-wissow-

237 4660 277 4715 lv
295 4681 321 4733 p.
338 4666 473 4734 2557qu

308 4745 353 4812 ιι)
380 4743 497 4800 sum
513 4749 590 4799 resa.

307 4826 352 4892 52)
380 4840 517 4878 summam
541 4825 698 4879 sententiae
720 4828 796 4879 reete
819 4824 876 4878 iam
899 4823 1034 4879 Fournier
1061 4825 1206 4877 assecutus
1232 4824 1276 4876 est
1303 4822 1335 4890 (ι7
1356 4821 1486 4887 feumiro
1509 4821 1550 4875 lea

235 4901 308 4968 freis
326 4903 365 4956 du
384 4904 502 4973 torperet
519 4921 644 4960 cornorum
659 4905 691 4959 de
705 4911 766 4960 tous
780 4905 817 4960 les
831 4903 997 4975 Labyodeo),
1016 4901 1172 4958 subiectum
1191 4903 1296 4958 reetius
1311 4899 1453 4971 supplevit
1467 4899 1547 4954 Dttb.
