3426 5462
670 304 826 360 urricus
845 325 871 360 n.
891 312 908 360 ι
1400 310 1442 374 23

121 473 260 533 tuendus
279 466 374 554 sign),
393 493 521 550 curaque
540 474 687 554 Pelargici
706 494 795 551 penes
815 476 981 536 sacerdotes
1000 476 1168 537 Eleusinios
1187 479 1286 554 fuerit,
1305 481 1357 555 qui
1376 497 1443 540 cum

123 570 285 647 splendori
303 572 400 631 cultus
420 572 607 632 consulerent
625 573 780 647 Eleusinii,
803 573 884 633 illius
904 593 1023 651 quoque
1045 575 1215 654 integritati
1237 577 1443 653 providebant.

127 668 260 728 Causam
284 673 385 729 autom
408 671 502 746 ipsius
525 690 612 730 curae
637 689 708 731 cave
731 689 767 731 ue
791 672 859 732 inde
882 673 1008 748 repetas,
1033 673 1113 749 quod
1135 673 1214 734 bello
1233 674 1442 735 Archidamico

126 768 185 826 illa
214 787 332 844 quoque
356 771 432 829 arcis
455 787 525 846 para
547 769 783 830 habitationibus
807 773 952 847 occupata
975 774 1052 830 erat:
1077 773 1167 831 verba
1191 776 1269 831 certe
1292 769 1367 850 μηδὲ
1394 771 1443 846 τὸς

125 866 218 938 λίθος
241 862 356 944 τέμνειν
374 865 407 928 ἐκ
429 874 482 926 τοῦ
503 869 687 948 Πελαργικοῦ
706 872 765 928 κτλ.
785 869 823 927 ad
840 868 1042 930 habitationes
1060 869 1129 930 illas
1149 871 1211 930 sine
1235 870 1325 932 dubio
1343 871 1443 932 mode·

125 964 278 1024 stissirnas
301 964 404 1024 referri
427 983 487 1024 non
510 965 644 1042 possunt,
667 966 718 1026 sed
742 967 780 1026 ad
803 968 929 1028 maiores
954 966 1174 1028 aedificationes
1197 973 1341 1046 spectant.
1378 969 1442 1030 Iam

125 1062 214 1137 olim,
238 1082 304 1122 cum
323 1063 413 1142 vulgo
436 1063 543 1124 titulus
567 1065 720 1140 antiquior
737 1064 966 1141 existimaretur,
987 1065 1154 1127 Lceschcke
1173 1066 1321 1146 Pelargioi
1340 1087 1442 1128 euram

126 1162 238 1220 ricinis
257 1160 395 1237 operibus
416 1181 433 1220 a
451 1161 591 1222 Mnesicle
611 1181 636 1222 a.
652 1165 716 1223 437
736 1163 790 1223 sub
810 1181 876 1223 arce
895 1166 1007 1241 coeptis
1026 1167 1140 1225 motam
1158 1157 1344 1246 coniecit²⁹);
1366 1186 1441 1242 quae

126 1260 301 1318 coniectura
320 1260 375 1319 etsi
394 1262 461 1336 ipsa
478 1264 601 1337 propter
619 1264 750 1322 aetatem
768 1261 896 1321 obtineri
919 1262 1031 1340 nequit,
1052 1264 1199 1324 rationem
1222 1267 1333 1338 tamen,
1352 1284 1442 1340 quam
1563 1329 1565 1332 ,

126 1358 184 1416 ille
210 1359 328 1418 secutus
352 1362 409 1432 est,
436 1360 622 1418 verissimam
650 1361 725 1420 duco
754 1379 788 1420 ac
817 1363 986 1437 quicunque
1013 1361 1071 1420 tuit
1099 1381 1197 1421 rerum
1221 1361 1443 1422 Eleusiniamm

126 1459 160 1514 et
184 1454 333 1534 Pelargici
356 1475 492 1531 conexus,
525 1457 605 1533 quod
632 1461 752 1518 omnino
779 1459 948 1536 integritati
977 1461 1040 1519 eius
1073 1459 1242 1534 cavebatur,
1275 1463 1358 1520 metu
1385 1461 1442 1520 tali

126 1555 251 1630 qualem
273 1553 439 1615 Loeschcke
467 1556 626 1631 indicavit,
653 1557 765 1633 optime
793 1557 965 1632 explicatur.
1012 1557 1180 1636 Rogavitne
1206 1558 1280 1618 haec
1304 1556 1440 1636 Lampon

126 1652 272 1712 adversus
295 1653 377 1714 aedis
400 1653 551 1714 Mineruae
575 1653 674 1732 Νίκης
697 1655 829 1714 fautores
853 1646 904 1736 (cf.
923 1655 961 1714 sd
984 1677 1013 1714 n.
1035 1658 1073 1714 11
1098 1675 1127 1731 p.
1148 1647 1280 1736 4'lsq.)i'

220 1759 317 1820 Multo
344 1762 453 1820 clarior
482 1764 528 1821 est
550 1764 702 1839 praecepti
729 1762 765 1821 de
792 1755 1041 1844 intercalando¹⁰)
1065 1762 1322 1822 Hecatombseone
1345 1764 1440 1823 altero

126 1877 199 1917 cum
221 1858 339 1918 decreto
363 1861 513 1935 superiore
537 1878 672 1919 conexus.
718 1860 753 1919 Id
772 1863 851 1919 enim
870 1861 950 1937 quod
973 1864 1054 1920 ante
1079 1860 1305 1938 Boedromiona,
1328 1880 1388 1920 non
1407 1865 1442 1921 ut

126 1957 195 2016 fieri
214 1957 329 2017 solebat
347 1960 378 2016 et
396 1957 530 2033 debebat,
549 1961 631 2035 post
650 1979 717 2017 eum
736 1959 844 2019 mensis
863 1959 1066 2033 intercalatur,
1084 1959 1243 2018 manifesto
1263 1979 1297 2019 eo
1317 1962 1441 2036 spectat,

127 2061 164 2114 ut
188 2054 252 2114 dies
274 2057 477 2132 primitiarum
500 2058 652 2134 mysteriis
675 2057 892 2117 offerendarum
916 2057 1093 2134 proferatur.

219 2163 319 2239 ipsius
351 2163 463 2224 decreti
494 2169 703 2242 argumentum
732 2165 850 2242 Sauppe
883 2166 955 2224 olim
987 2184 1055 2224 cum
1086 2165 1123 2225 iis
1157 2166 1288 2226 consiliis
1316 2165 1440 2225 Periclis

127 2261 325 2337 comparavit,
348 2263 384 2320 de
409 2262 515 2338 quibus
534 2261 613 2322 Plut.
633 2263 736 2323 Pericl.
758 2265 812 2322 17:
835 2260 1006 2342 ἀρχομένων
1029 2259 1060 2322 dt
1079 2263 1327 2341 Λακεδαιμονίων
1352 2259 1440 2342 άχθε-

127 2365 203 2420 σθαι
227 2367 261 2441 τῇ
285 2357 407 2438 αὐξήσει
429 2368 488 2420 τῶν
508 2354 680 2438 Ἀθηναίων
703 2359 833 2442 ἐπαίρων
856 2357 872 2421 d
896 2363 1044 2440 Περικλῆς
1066 2359 1117 2420 τὸν
1141 2361 1238 2439 δῆμον
1265 2359 1305 2422 tn
1329 2364 1440 2439 μᾶλλον

126 2455 204 2539 μέγα
227 2463 351 2539 φρονεῖν
374 2455 423 2518 καῖ
447 2457 580 2540 μεγάλων
604 2457 695 2520 αὐτὸν
717 2455 823 2532 ἀξιοῦν
841 2458 1021 2541 πραγμάτων
1039 2459 1147 2540 γράφει
1165 2457 1309 2538 ψήφισμα
1327 2457 1439 2531 πάντας

117 2551 271 2634 Ἕλληνας
293 2555 363 2629 τούς
386 2553 515 2634 ὁπήποτε
540 2565 752 2629 κατοικοῦντας
774 2555 926 2638 Εὐρώπης
948 2554 968 2636 ἢ
992 2565 1044 2635 τῆς
1064 2549 1164 2629 ’Λσίας
1187 2559 1367 2638 παρακαλεῖν
1389 2554 1440 2616 καὶ

127 2653 239 2735 μικράν
260 2655 348 2716 πόλιν
370 2653 420 2715 καλ
443 2653 573 2736 μεγάλην
595 2653 637 2726 εἰς
660 2655 803 2736 σύλλογον
830 2652 955 2734 πέμπειν
975 2649 1120 2732 Ἀθήναζε
1148 2653 1218 2727 τούς
1245 2651 1439 2734 βουλευσομέ-

126 2775 203 2825 νους
220 2751 286 2832 περὶ
305 2761 363 2813 τῶν
378 2745 560 2831 Ἑλληνικῶν
579 2752 676 2833 ἱερῶν,
699 2749 719 2812 ἀ
736 2751 923 2833 κατέπρησαν
941 2753 974 2813 οῖ
988 2752 1144 2833 βάρβαροι,
1165 2749 1215 2812 καὶ
1233 2761 1293 2813 τῶν
1310 2755 1438 2831 θυσιῶν,

126 2848 164 2924 ἀς
188 2847 361 2928 ὀφείλουσιν
384 2847 458 2930 ὑπὲρ
481 2859 533 2929 τῆς
552 2845 694 2923 Ἑλλάδος
712 2850 867 2928 εὐξάμενοι
885 2855 946 2924 τοῖς
964 2855 1057 2930 θεοῖς,
1082 2849 1128 2911 ὅτε
1146 2849 1220 2931 πρὸς
1238 2849 1308 2923 τούς
1326 2849 1438 2931 βαρβά-

127 2971 200 3027 ρους
228 2946 379 3028 ἐμάχοντο,
406 2950 436 3007 et
464 2968 645 3025 quamquam
668 2948 812 3008 Periclem
839 2949 928 3010 huius
955 2950 1066 3009 decreti
1091 2951 1242 3012 auctorem
1265 2968 1325 3008 uon
1347 2949 1439 3009 fuisse

128 3066 207 3106 nunc
231 3050 348 3106 ansus
370 3065 529 3122 rerumque
551 3048 685 3122 ipsarum
708 3048 873 3107 similitudo
896 3050 970 3108 satis
993 3049 1101 3127 exigua
1119 3049 1173 3122 est,
1195 3032 1296 3106 temni
1316 3050 1346 3106 et
1364 3047 1440 3106 illud

128 3149 160 3204 et
187 3147 243 3205 hoc
270 3145 421 3204 decretum
453 3163 524 3204 saue
556 3144 650 3204 isdem
677 3145 809 3206 consiliis
837 3149 909 3206 nata
936 3149 1006 3205 sunt
1029 3144 1261 3220 Panhellenicis,
1291 3136 1369 3222 qua'e
1391 3146 1439 3205 hio

128 3263 197 3303 cum
228 3242 372 3322 religione
400 3243 555 3303 Eleusinia
582 3245 736 3322 coniungi,
759 3247 794 3303 ut
821 3246 881 3303 iarn
909 3243 1001 3304 Xtrte
1028 3246 1159 3318 monuit,
1192 3246 1298 3304 notatu
1326 3243 1439 3321 dignis-

128 3343 239 3401 simum
274 3344 326 3400 est.
386 3341 431 3400 Er
468 3342 571 3401 eadem
608 3345 706 3402 autern
743 3343 799 3402 hac
835 3341 946 3401 decreti
981 3347 1091 3402 natura
1128 3341 1216 3402 facile
1254 3341 1439 3422 intellegitur

128 3439 257 3500 Graecos
280 3439 359 3498 haud
383 3441 495 3500 alacres
518 3443 709 3518 promptosvc
731 3441 822 3500 finisse
845 3441 884 3499 ad
907 3440 960 3500 has
984 3441 1133 3517 primitias
1157 3431 1384 3522 offerendas²¹),
1407 3441 1439 3499 id

129 3538 210 3614 quod
234 3540 359 3615 apparet
382 3557 448 3598 cum
472 3537 613 3599 Isocratis
636 3538 734 3598 verbis
751 3538 795 3597 IV
811 3539 851 3598 31
877 3538 911 3597 αἱ
931 3534 984 3616 μὲν
1007 3534 1062 3619 γὰρ
1086 3540 1217 3598 πλεῖσται
1245 3547 1303 3598 τῶν
1325 3535 1439 3599 πόλεων

15 3665 17 3676 ν
129 3633 293 3714 ὑπόμνημα
316 3643 368 3714 τῆς
391 3640 517 3708 παλαιῶς
539 3635 704 3716 εὐεργεσίας
726 3633 859 3716 ἀπαρχὰς
882 3644 934 3696 τοῦ
957 3636 1040 3696 σίτου
1063 3628 1135 3695 καθ’
1161 3633 1284 3696 ἕκαστον
1306 3633 1358 3696 τὸν
1379 3634 1439 3696 ε’νι-

130 3734 222 3796 αυτὸν
245 3731 285 3807 ὡς
307 3729 386 3813 ἡμᾶς
409 3731 633 3812 ἀποπέμπουσι,
658 3739 735 3806 ταῖς
762 3728 790 3793 d'
816 3731 1067 3806 έκλειπούσαις
1095 3733 1265 3805 πολλάκις
1288 3728 1308 3810 ἡ
1332 3733 1439 3794 Πυθία

129 3830 305 3915 προσέταξεν
327 3829 489 3913 ἀποφέρειν
512 3830 547 3892 τά
570 3830 643 3912 μέρη
666 3842 725 3893 τῶν
748 3840 869 3911 καρπῶν
892 3829 941 3892 καὶ
964 3837 1060 3892 ποιεῖν
1087 3830 1162 3910 πρὸς
1189 3830 1243 3910 τὴν
1270 3830 1357 3892 πόλιν
1385 3831 1439 3910 τὴν

130 3927 272 4011 ἡμετέραν
295 3928 331 3990 τὰ
360 3929 479 4011 πάτρια,
504 3936 568 3991 tum
595 3932 763 3992 rationibus
794 3934 965 3991 curatorum
993 3933 1242 4006 quaestorumque
1265 3930 1329 3989 fani
1351 3929 1438 3990 llleu·

130 4031 199 4090 siuii
219 4050 245 4090 a
261 4031 371 4108 arafa,
394 4032 425 4088 in
445 4031 491 4090 his
515 4031 594 4089 enim
617 4033 737 4107 praeter
754 4031 835 4105 ipsos
854 4028 1050 4088 Athenienses
1073 4033 1104 4087 et
1127 4046 1176 4088 css
1198 4029 1344 4103 unitates,
1363 4047 1438 4105 quac

201 4255 245 4322 18)
264 4256 296 4307 ut
314 4254 372 4326 iam
391 4253 539 4308 videbatur
558 4253 653 4308 Curtio
671 4253 854 4324 susceptor.
875 4254 901 4306 d.
921 4255 996 4308 Berl.
1015 4253 1103 4308 Acad.
1125 4256 1202 4321 1884,
1221 4270 1249 4322 p.
1265 4257 1325 4306 502.

201 4338 246 4405 19)
266 4335 578 4405 Επκεαλτνκοεομῖεοάο
591 4353 621 4404 p.
638 4339 674 4390 18
683 4351 738 4404 sqq.

200 4418 245 4484 20)
263 4431 319 4468 non
338 4415 374 4469 de
393 4414 607 4470 intercalatione
625 4415 741 4482 mensis,
761 4415 809 4470 sed
830 4415 865 4468 de
883 4431 962 4470 mora
976 4413 1182 4484 interponenda
1201 4413 1248 4484 agi
1262 4414 1294 4466 A.
1310 4411 1439 4467 Schmidt

129 4497 196 4553 olim
221 4499 411 4554 demonstrare
433 4496 542 4552 studuit
564 4499 651 4567 atque
673 4496 734 4566 ipse
758 4496 788 4550 in
812 4495 1010 4550 dissertatione
1032 4494 1278 4564 comprobaveram
1300 4492 1437 4564 neglectis

129 4580 171 4646 iis,
197 4595 271 4648 quae
290 4577 354 4633 Keil
373 4577 409 4631 de
427 4579 585 4647 temporum
602 4576 712 4632 ratione
731 4576 863 4632 disseruit
882 4577 996 4632 Hennes
1014 4573 1101 4628 XXIX
1126 4592 1153 4643 p.
1174 4578 1234 4628 341.
1275 4571 1334 4626 lam
1362 4572 1437 4627 euim

129 4661 240 4715 constat
262 4677 313 4730 pro
335 4657 491 4713 Posideone
513 4658 655 4713 interdum
679 4657 765 4712 etiam
788 4657 859 4712 ahos
883 4673 991 4711 menses
1016 4654 1175 4723 duplicatos
1199 4669 1259 4708 esse
1284 4653 1359 4708 velut
1382 4651 1438 4707 Ga-

127 4739 278 4795 melionem
296 4739 346 4795 10
364 4737 391 4792 Π
409 4737 500 4809 suppl.
518 4743 578 4806 733,
589 4745 619 4805 ὁ,
642 4737 886 4793 Anthosterionsm
906 4737 972 4791 said.
988 4741 1070 4789 3850.

198 4831 243 4898 21)
267 4827 302 4883 ei.
322 4843 395 4897 quae
418 4827 503 4898 paulo
528 4827 687 4884 accuratius
713 4826 748 4882 de
765 4828 819 4882 hac
838 4843 868 4880 re
887 4825 1028 4896 disputari
1047 4826 1111 4879 Ber.
1131 4824 1157 4878 d.
1177 4823 1262 4890 sscien
1282 4825 1437 4878 Dcutschen

129 4909 296 4976 Hoclsatr'ftes
315 4914 389 4964 1899
408 4927 435 4978 p.
451 4914 500 4962 211
513 4925 574 4978 sqq.
