3434 5464
662 295 819 351 THASIAE
837 315 864 352 n.
881 303 931 351 109
1388 299 1451 364 291

137 466 325 544 Quamquam
358 470 444 526 caute
476 466 533 526 hoc
560 467 733 526 testimonio
742 457 769 546 6)
797 465 942 525 utendum
969 469 1023 526 est.
1073 467 1136 526 Neo
1169 469 1248 525 enim
1280 467 1326 527 his
1354 469 1453 528 verbis

137 569 226 641 poeta
254 567 368 624 certum
394 565 502 624 Mortis
530 564 643 624 cultum
672 563 826 637 describit,
858 564 949 623 immo
978 583 1043 623 eam
1071 566 1219 624 rationem
1241 567 1390 642 sequitur,
1418 569 1454 627 ut

136 664 221 724 nulla
244 663 364 722 omnino
387 663 479 722 Morti
506 662 572 721 fieri
599 680 683 722 sacra
711 660 866 739 significet.
913 661 1010 730 Quare
1038 663 1070 722 id
1098 665 1198 740 potius
1226 663 1295 722 inde
1319 671 1454 741 apparet,

137 779 229 837 quam
250 763 406 837 proprium
428 761 473 820 rei
496 779 597 821 sacrae
616 759 830 831 καιωνίζεσθαι
850 763 957 836 poetae
975 762 1074 820 risum
1092 753 1169 842 sit.⁷)
1206 760 1318 821 Contra
1338 766 1453 822 eertum

137 861 260 934 paeanis
281 858 428 934 prohibiti
447 859 616 935 exemplum
634 857 793 934 praebetur
806 857 1058 932 Hyacinthio'rum
1071 859 1286 920 Laconicorum
1301 861 1452 921 sollemni·

138 956 205 1016 bus:
238 955 347 1016 Athen.
370 955 414 1016 IV
437 977 465 1034 p.
487 955 577 1016 139d
605 953 801 1034 Πολυκράτης
827 953 860 1016 ἐν
883 959 946 1027 τοῖς
969 960 1159 1029 Λακωνικοῖς
1186 956 1298 1037 ίστορεῖ
1326 955 1370 1018 ὅτι
1397 957 1453 1038 τὴν

138 1051 192 1130 μὲν
215 1062 273 1114 τῶν
291 1047 474 1114 Ὑακινθίων
497 1052 610 1113 θυσίαν
633 1053 665 1113 oi
676 1051 820 1125 Λάκωνες
843 1049 891 1114 ml
914 1058 990 1134 τρεῖς
1013 1049 1124 1132 ἡμέρας
1142 1057 1313 1115 συντελοῦσι
1331 1054 1382 1116 καλ
1401 1054 1450 1116 διὰ

137 1151 170 1212 τὸ
193 1149 306 1224 ιιίνθος
328 1149 361 1212 τὸ
383 1150 544 1231 γενόμενον
566 1147 633 1231 περί
656 1150 708 1212 τὸν
725 1144 888 1211 Ὑάκινθον
915 1149 994 1212 obre
1023 1159 1290 1230 στεφανοῦνται
1319 1151 1368 1214 trel
1390 1159 1451 1227 τοῖς

139 1250 271 1322 δείπνοις
294 1246 361 1310 ούτε
383 1245 474 1330 άρτον
496 1246 685 1330 εἰσφέρουσιν
708 1246 775 1310 σύτο
796 1246 869 1310 tum
887 1247 1022 1328 πέμματα
1040 1247 1090 1310 καί
1108 1248 1144 1309 τά
1162 1249 1277 1322 τούτοις
1297 1248 1451 1311 ἀκόλουθα

139 1347 255 1410 διδόασι
278 1345 337 1408 καί
360 1344 421 1407 τὸν
443 1345 495 1420 είς
517 1347 580 1408 τὸν
602 1345 690 1408 θεὸν
712 1356 849 1408 παιᾶνα
872 1347 937 1409 οὐκ
964 1342 1118 1432 ᾄδουσιν
1148 1343 1223 1410 ούθ’
1250 1345 1319 1408 tuo
1343 1371 1370 1409 τι
1393 1371 1452 1410 τοι-

138 1454 228 1506 οῦτον
250 1441 341 1506 οὐδὲν
365 1443 531 1524 καθάπερ
554 1441 592 1505 ἐν
614 1449 692 1518 ταῖς
714 1441 837 1518 άλλαις
860 1445 1009 1518 θυσίαις
1032 1453 1184 1523 romaicum
1215 1447 1329 1506 cultum
1352 1451 1453 1507 autem

138 1545 233 1621 ipsius
256 1543 420 1620 Hyacinthi
453 1543 628 1603 chthonium
659 1543 751 1604 husee
784 1543 982 1604 certissimum
1010 1535 1087 1626 est⁸)
1115 1563 1245 1621 araeque
1273 1545 1336 1604 eius
1359 1546 1451 1622 Amy-

138 1643 237 1701 claeae
264 1641 337 1701 haec
364 1641 537 1717 Nymphaei
560 1641 699 1701 Thasiaoi
727 1660 780 1700 ara
807 1643 963 1702 simillima
990 1642 1082 1702 fuisse
1109 1633 1269 1724 videtur.⁹)
1315 1643 1452 1720 Denique

137 1741 195 1800 hue
218 1741 357 1817 pertinet,
380 1739 460 1814 quod
477 1738 679 1816 Apollodorus
697 1739 734 1798 de
753 1740 837 1799 cultu
855 1738 1027 1800 Gratiarum
1045 1740 1134 1799 Pario
1152 1739 1248 1800 tradit
1267 1737 1323 1818 (ΙΙΙ
1341 1742 1392 1816 15,
1405 1734 1452 1824 7):

137 1837 179 1898 ἔτι
201 1835 251 1898 καί
275 1837 364 1918 δεῦρο
387 1835 474 1918 χωρὶς
502 1836 603 1898 αύλιλιν
625 1835 675 1896 καί
703 1836 859 1914 στεφάνων
881 1835 914 1898 ἐν
937 1837 1030 1922 Πάρῳ
1054 1836 1166 1898 θύουσι
1188 1843 1252 1910 ταῖς
1274 1837 1398 1919 Χάρισι,
1427 1843 1453 1899 si

138 1935 259 2012 quidem
282 1954 430 2012 paeanum
453 1954 513 1995 non
537 1937 634 1996 minua
658 1953 750 2012 quam
772 1935 918 1996 tibiarum
941 1939 1062 1995 cantum
1085 1935 1128 1994 ibi
1151 1936 1336 2013 prohibitum
1358 1933 1452 1998 fuisse

138 2038 243 2110 sponte
270 2037 370 2111 patet,
398 2032 570 2093 Gratiarum
598 2036 700 2093 autem
728 2033 841 2092 cultum
869 2035 969 2111 ipsum
993 2053 1110 2110 quoque
1137 2035 1282 2112 religione
1310 2035 1452 2096 chthonia

137 2133 282 2191 imbutam
307 2131 497 2192 miscemus
521 2123 701 2214 constatw)
731 2129 826 2199 Quem
849 2131 962 2190 cultum
985 2131 1108 2190 Parium
1131 2131 1257 2192 eundem
1280 2151 1343 2194 esse
1362 2137 1452 2211 etque

139 2249 215 2306 eum,
240 2229 290 2306 qui
313 2229 370 2289 hac
393 2229 460 2308 lege
478 2229 626 2289 Thasiaoa
643 2229 841 2308 cognoscitur,
864 2232 969 2306 utpote
988 2248 1007 2288 a
1025 2229 1138 2291 colonis
1155 2229 1253 2290 Pariis
1273 2231 1345 2290 olim
1363 2231 1451 2292 domo

138 2327 270 2387 Thasum
293 2328 474 2386 translatum
495 2325 689 2387 manifestum
708 2328 753 2386 est
760 2318 807 2408 11),
830 2330 866 2387 ut
883 2328 944 2386 iam
964 2327 1076 2402 eodem,
1098 2326 1177 2386 unde
1195 2329 1323 2405 profecti
1341 2347 1452 2406 eumue,

137 2425 304 2485 redeamus.
1059 2495 1061 2500 ,

226 2523 301 2582 v.1
335 2524 418 2600 θῆλυ
445 2519 496 2582 καί
523 2518 612 2601 άρσεν
639 2518 681 2600 ἃμ
708 2519 796 2605 βάλῃς
828 2522 919 2582 verba
946 2523 1014 2599 ipsa
1042 2511 1223 2600 comparari¹
1236 2529 1361 2600 possunt
1384 2544 1451 2584 oum

137 2643 165 2681 n.
187 2622 227 2682 65
252 2641 279 2680 v.
300 2622 342 2681 30
369 2619 459 2680 θύειν
482 2616 514 2680 δὲ
537 2617 613 2692 ἕξεῐν
635 2618 717 2679 θιιαν
740 2619 785 2680 ὅτι
806 2616 845 2680 tv
868 2617 990 2699 βάληται
1013 2617 1133 2693 ἕκαστος
1156 2625 1188 2680 et
1214 2641 1243 2680 n.
1265 2625 1328 2682 119
1352 2621 1451 2684 θυέτω

139 2719 238 2798 ίρήιον
262 2716 321 2779 ’ύττι
343 2739 376 2778 κε
398 2715 474 2795 θίλη
497 2716 548 2778 καλ
570 2715 654 2796 ἔρσεν
676 2715 726 2777 καί
748 2721 831 2796 θῆλυ
853 2711 960 2798 πλ[ά]γ
983 2712 1118 2798 χοάρω],
1140 2739 1173 2778 re
1197 2723 1299 2780 autem
1322 2717 1451 2796 Oropiae

138 2818 212 2896 legis
235 2818 402 2876 liberalitas
425 2817 520 2876 multo
543 2818 650 2889 maior,
671 2817 768 2875 maior
791 2816 882 2875 etiam
900 2815 1113 2892 Mytilenaeum
1136 2816 1193 2876 hac
1211 2819 1289 2876 enim
1305 2818 1452 2878 Thasiaoa

138 2917 195 2976 duo
219 2915 430 2994 vulgatissima
451 2915 513 2973 fere
535 2914 727 2973 victimarum
750 2931 874 2992 genera,
904 2931 972 2973 oves
1002 2931 1036 2974 ac
1063 2915 1160 2990 porci,
1188 2917 1384 2991 excipiuntur.
1408 2948 1450 2958 -—

137 3011 309 3093 προσὲρθεντ
342 3013 378 3072 de
405 3012 490 3072 verbi
522 3009 617 3091 ἔρδειν
645 3030 699 3087 pro
727 3009 816 3071 θύειν
845 3012 925 3088 apud
952 3011 1039 3071 Iones
1063 3029 1119 3071 usu
1149 3015 1280 3090 constat,
1312 3014 1349 3073 cf.
1372 3033 1451 3074 nunc

138 3115 230 3171 etiam
266 3111 342 3190 legis
378 3111 515 3170 Milesiae
551 3131 579 3169 n.
610 3110 673 3168 158
711 3129 737 3168 v.
768 3111 817 3168 15.
887 3107 1090 3185 compositum
1131 3107 1304 3189 κροσίρδειν
1345 3115 1452 3172 notatu

138 3209 269 3288 dignum.

226 3306 263 3365 V.
279 3308 298 3365 4
316 3304 448 3386 Χάρισιν
470 3297 540 3386 elya
563 3303 599 3365 ού
618 3301 719 3382 θίμιςι
742 3307 846 3364 contra
868 3305 915 3364 lex
934 3305 1090 3365 Eleusinia
1107 3309 1171 3365 nl
1194 3309 1343 3384 praecipit
1355 3300 1451 3391 Ἑρμῇ

134 3403 306 3489 Ἐναγωνίῳ
335 3401 464 3484 Χάρισιν
491 3397 575 3484 alyn,
606 3403 685 3462 unde
718 3406 864 3479 quantum
896 3403 977 3481 leges
1006 3403 1042 3462 de
1069 3404 1163 3464 isdem
1191 3407 1283 3464 sacris
1312 3407 1393 3465 inter
1420 3423 1452 3466 ae

138 3503 363 3580 discrepuerint,
387 3503 492 3562 elucet.

227 3729 255 3796 6)
283 3725 318 3780 of.
339 3725 374 3780 do
392 3725 446 3779 hoc
464 3724 526 3779 loco
545 3723 632 3778 etiam
651 3721 808 3777 Fairbanks
828 3724 881 3777 λι.
900 3741 926 3792 p.
943 3729 986 3790 43,
1005 3725 1054 3778 uhi
1074 3725 1097 3780 is
1117 3725 1204 3780 etiam
1223 3725 1299 3780 locos
1316 3725 1452 3780 difficilli-

138 3825 197 3862 mos
216 3805 316 3861 Aesch.
331 3805 407 3875 Sept.
428 3809 494 3871 861,
518 3803 582 3858 Eur.
602 3803 818 3871 Alc.423,1ph.
838 3801 921 3858 Taur.
938 3810 1055 3874 litsqq.
1075 3806 1209 3861 mactavit
1227 3823 1279 3861 neo
1297 3808 1393 3861 tamen
1417 3824 1451 3860 cx

137 3887 213 3941 omni
232 3889 312 3956 parte
331 3885 488 3955 expedivit;
510 3884 594 3938 huius
618 3881 697 3937 tituli
716 3883 909 3937 testimonium
928 3899 992 3938 eum
1015 3883 1122 3956 fugisse
1139 3886 1250 3940 videtur
1269 3901 1302 3940 ao
1320 3902 1357 3940 ne
1375 3885 1452 3955 Hya·

138 3967 309 4022 cinthiorum
328 3965 445 4034 quidem
463 3963 623 4034 exemplum
641 3963 697 4018 huc
716 3963 856 4018 adhibuit.

229 4057 254 4126 λ)
278 4055 355 4110 idem
369 4057 489 4124 apparet
498 4053 613 4106 Aristid.
626 4051 670 4107 Or.
681 4052 694 4106 I
705 4057 756 4106 505
771 4055 808 4123 τῷ
822 4052 873 4122 μὲν
883 4052 1061 4127 Διονύσῳ-
1076 4085 1109 4096 -
1124 4053 1173 4108 καλ
1187 4063 1245 4118 τοῖς
1260 4053 1452 4118 άλλοιςιᾶιιασι

136 4140 217 4200 θεοῖς
236 4133 410 4196 σπένδοντας
432 4134 481 4188 καλ
502 4133 630 4196 θύοντας
655 4132 712 4186 καλ
735 4129 988 4196 παιωνίζοντας
1014 4135 1063 4189 καλ
1086 4143 1387 4204 στεφανηφοροῦντας,
1415 4134 1450 4190 cf.

138 4217 223 4271 etiam
241 4215 327 4270 verba
345 4217 471 4270 extrema
488 4213 629 4269 Athenaei
649 4212 684 4265 de
703 4211 883 4280 Hyacinthiis
901 4214 1070 4282 testimonii,
1097 4215 1172 4283 quod
1196 4215 1226 4268 in
1250 4216 1451 4270 commentario

137 4297 222 4367 paulo
240 4295 317 4350 infra
335 4293 461 4349 afferam.

227 4387 254 4454 8)
283 4383 492 4439 demonstratur
510 4381 554 4437 vel
573 4399 629 4437 uno
648 4381 732 4435 verbo
752 4378 898 4451 ἐναγίζειν,
917 4399 972 4450 quo
991 4385 1082 4438 utitur
1099 4381 1450 4450 Pausan.IlI19,3:‘Ta·

137 4461 263 4528 κινθίοις
280 4463 336 4531 πρὸ
355 4471 404 4530 τῆς
421 4470 471 4516 τοῦ
486 4460 651 4523 Ἀπόλλωνος
669 4457 775 4524 θυσίας
793 4461 821 4524 ἐς
839 4469 939 4518 τοῦτον
953 4459 1095 4536 Ὑακίνθῳ
1113 4465 1163 4520 τὸν
1181 4465 1276 4535 βωμὸν
1291 4465 1340 4519 διά
1357 4465 1452 4534 θύρας

138 4548 242 4614 χαλκῆς
260 4541 488 4613 ἐναγίζουσιν.
526 4542 598 4596 Rem
617 4542 730 4611 egregie
749 4541 913 4610 explanavit
930 4542 1029 4598 Rohde
1048 4543 1165 4615 Psyche*
1182 4545 1196 4598 Ι
1216 4549 1265 4599 137
1273 4563 1333 4614 sqq.

227 4637 254 4704 9)
283 4649 306 4688 o.
327 4630 499 4686 Studnicuka
518 4633 567 4686 λι.
586 4649 613 4700 p.
631 4635 770 4685 lae-126
791 4633 820 4685 et
838 4637 999 4701 ρ.171ερο,

211 4715 255 4782 10)
282 4712 358 4767 unde
371 4711 503 4780 frequens
513 4711 710 4781 Nympharum
724 4713 753 4764 et
762 4710 894 4765 Mercurii
909 4713 1078 4779 coniunctio,
1093 4713 1128 4768 cf.
1138 4713 1244 4768 Esoher
1258 4716 1333 4784 apud
1344 4717 1452 4786 Pauly-

144 4795 277 4850 Wu'ssowa
295 4793 334 4846 ΠΙ
354 4797 425 4847 2160
433 4810 473 4862 sq.

210 4885 255 4952 11)
282 4882 391 4952 primus
409 4881 440 4935 id
458 4880 560 4936 statuit
578 4879 659 4936 Prott
677 4880 707 4934 in
726 4879 933 4935 dissertationis
953 4885 1023 4936 sent.
1040 4885 1161 4936 controv.
1176 4889 1201 4937 λ.

1182 4971 1235 5026 19·
