3424 5462
665 291 871 347 Massnulsn
890 311 916 347 n.
933 299 967 348 58
1408 297 1471 362 183

156 460 363 520 ministrarum
386 479 507 537 operam
535 460 696 538 adipsum
719 463 929 538 mysteriorum
951 467 1068 539 tempus
1092 464 1268 524 conductam
1295 484 1358 525 esse
1382 466 1470 543 idque

156 577 228 620 voce
252 555 445 637 έμβεβακυῖαι
468 579 495 619 v.
516 561 556 619 31
582 559 746 637 significari
767 561 907 637 suspicer.

246 657 367 729 Restat,
398 660 434 716 ut
460 656 499 716 ad
527 659 645 736 singula
672 659 756 717 tituli
788 661 889 734 capita
920 660 1066 718 nonnulle
1098 659 1214 720 addam.
1261 659 1318 736 §1
1352 656 1469 743 [ἱερῶ]ν

156 751 324 831 καιομένων
348 747 421 833 αἷμα
448 752 498 815 καλ
527 748 612 816 οἶνον
634 753 828 828 σττένδονταςε
860 756 914 815 ubi
941 758 1008 832 quis
1036 759 1225 818 sollemniora
1251 761 1316 819 iure
1343 761 1469 822 iurando

156 851 408 930 obstringebatur,
430 854 493 912 vini
515 854 674 914 libationes
698 873 758 913 non
780 854 842 914 fere
865 853 1061 930 sufficiebant,
1085 856 1137 916 sed
1159 876 1234 934 opus
1253 862 1318 917 erat
1336 859 1469 935 victima,

156 953 240 1010 cuius
263 955 363 1027 partes
386 970 477 1011 manu
500 953 548 1011 vel
570 952 694 1028 pedibus
717 956 841 1030 tangere
864 946 1059 1036 solebant⁸⁶),
1081 953 1113 1012 id
1135 954 1215 1031 quod
1238 955 1287 1015 hic
1309 955 1468 1030 omittitur,

155 1067 224 1108 cum
252 1049 356 1108 ceteris
384 1049 458 1109 locis
486 1051 580 1126 ipsius
609 1051 764 1127 sanguinis
794 1040 900 1110 libatio
927 1071 988 1110 non
1016 1055 1274 1132 commemoratum
1306 1054 1343 1112 of.
1368 1057 1467 1115 tamen

154 1151 183 1206 Δ
209 1149 271 1206 158
299 1145 336 1207 ού
360 1146 413 1224 μέν
436 1169 500 1220 ττως
523 1147 607 1208 ἅλιον
629 1145 709 1209 πέλει
733 1146 834 1228 ὅρκιον
857 1141 999 1225 αλμά“τε
1017 1147 1117 1228 ἀρνῶν
1140 1151 1269 1210 σπονδαί
1293 1145 1320 1210 τ’
1345 1149 1468 1233 ύκρητοι

154 1243 206 1304 καὶ
229 1243 321 1318 δεξιαὶ
345 1232 381 1331 ᾗς
409 1243 581 1324 ἐπέπιθμεν.
607 1279 645 1288 -ν
672 1244 692 1322 ἓ
712 1248 731 1306 3
757 1245 785 1306 S.
810 1250 840 1306 et
862 1246 996 1306 Dittenb.
1020 1266 1054 1307 eo
1082 1248 1191 1309 offendi
1214 1249 1363 1326 videntur,
1387 1251 1468 1327 quod

153 1345 284 1419 primum
313 1344 349 1402 de
376 1344 466 1424 ἱεροῖς
494 1347 686 1421 praeceptum
714 1364 782 1404 cum
805 1345 934 1404 seeundo
956 1345 1106 1421 particula
1130 1343 1162 1405 ύί
1184 1346 1374 1408 adversativa
1398 1367 1467 1408 con·

153 1442 302 1518 iungitur3
326 1442 473 1502 adnotant
495 1445 575 1502 enim
599 1442 637 1502 ad
660 1462 686 1502 v.
709 1445 750 1502 14
773 1443 863 1501 etiam
886 1440 957 1514 τούς
979 1441 1077 1523 ἱερούς
1099 1444 1235 1504 initiatos
1257 1445 1348 1506 fuisse
1371 1465 1406 1506 ac
1429 1448 1465 1506 D.

153 1546 214 1598 τῶν
236 1537 420 1617 τελουμένων
442 1541 490 1600 vel
512 1542 558 1600 ita
580 1543 809 1618 interpretatur:
830 1543 1008 1614 reliquos-ma
1031 1544 1270 1614 quaestionem,
1292 1561 1346 1602 nec
1364 1546 1466 1604 tamen

152 1641 233 1698 recte
256 1656 323 1697 mea
347 1639 466 1714 quidem
489 1640 645 1698 sententia.
678 1631 762 1717 Ἱερολ
785 1639 864 1698 enim
886 1638 934 1698 illi
951 1659 1009 1699 non
1030 1643 1117 1699 erant
1133 1639 1312 1719 τελούμενοι,
1336 1642 1387 1701 sed
1406 1645 1467 1703 iam

153 1735 270 1811 pridem
292 1733 485 1814 τετελεσμένον
508 1739 539 1797 et
562 1738 668 1797 cuneta
682 1737 790 1822 potius
813 1735 1065 1812 administrantes,
1088 1742 1122 1797 ut
1145 1738 1177 1799 οἱ
1196 1739 1364 1818 τελούμενοι
1386 1744 1466 1802 reete

153 1831 192 1892 iis
214 1827 456 1915 opponanturd)
502 1835 564 1896 Neo
587 1854 657 1894 vero
686 1836 805 1912 integre
833 1837 879 1894 est
905 1837 1065 1896 sententia:
1095 1839 1364 1898 commemorantur
1385 1859 1466 1919 τρω-

152 1931 307 2008 τομύσται,
341 1935 432 2008 primi
462 1935 480 1991 i.
496 1951 519 1992 e.
543 1932 639 1992 infimi
666 1931 776 2010 gradus
804 1934 933 2008 mystae,
965 1933 1171 1994 desiderantur
1197 1943 1256 1994 τῶν
1283 1935 1466 2014 τελουμένων

151 2028 270 2104 reliqua
293 2048 373 2106 pars,
397 2031 421 2089 ii
440 2049 488 2105 eo,
512 2031 563 2108 qui
582 2031 710 2090 alterum
729 2032 969 2107 superioremque
988 2031 1114 2109 gradum
1133 2032 1273 2110 adepturi
1291 2038 1384 2092 erant.
1421 2035 1465 2112 Id,

152 2127 235 2202 quod
257 2129 464 2206 neglegentiae
487 2147 547 2188 non
570 2128 766 2204 quadratarii,
789 2129 840 2188 sed
864 2129 936 2202 eius,
959 2131 1011 2204 qui
1029 2129 1126 2207 legem
1144 2133 1329 2207 conscripsit,
1352 2133 1465 2209 tribu03

152 2226 205 2300 qui
227 2227 329 2285 tamen
352 2227 421 2286 illos
445 2247 563 2303 quoque
590 2229 759 2286 meminisse
781 2226 913 2301 videtur,
941 2245 1008 2286 cum
1035 2227 1121 2287 dicit·
1136 2227 1409 2304 ceremonensem
1432 2228 1465 2292 δέ

151 2321 281 2396 πάντες
307 2322 430 2400 δάφναι.
454 2357 498 2366 -
522 2323 581 2400 §4
609 2328 768 2401 praecepte
796 2321 861 2403 περί
888 2324 1060 2402 είματισμού
1087 2327 1204 2386 ratione
1231 2330 1343 2403 partim
1370 2346 1463 2406 sacra,

151 2423 264 2497 partim
287 2423 407 2498 publice
430 2423 604 2500 explicanda
627 2426 710 2482 sunt:
734 2423 771 2482 ad
794 2422 879 2482 illam
901 2425 1041 2499 pertinet,
1064 2423 1143 2500 quod
1161 2427 1277 2500 mystae
1296 2430 1376 2486 veste
1396 2445 1464 2486 oan-

152 2518 231 2594 dida‚
253 2519 341 2579 nudis
359 2520 484 2597 pedibus
504 2540 567 2580 esse
585 2520 734 2594 iubentur,
757 2521 796 2580 ad
813 2520 899 2596 hane,
922 2522 1001 2596 qnod
1020 2522 1131 2580 nimiae
1149 2523 1308 2582 mulierum
1327 2525 1464 2586 luxuriae

150 2618 240 2678 certis
262 2637 317 2693 pro
341 2618 489 2698 dignitate
512 2622 543 2679 et
570 2622 669 2678 aetate
696 2619 801 2696 pretiis
831 2618 936 2678 modus
964 2612 1212 2701 constituitur.⁸⁸)
1258 2619 1356 2690 Quare
1379 2622 1463 2682 dubi-

150 2717 210 2773 tari
233 2716 284 2774 vix
306 2717 418 2791 potest,
447 2717 521 2792 quin
546 2719 739 2793 praeseptum
762 2736 789 2776 v.
810 2719 851 2776 22
881 2715 921 2794 μὴ
946 2713 1030 2795 ἐχέτω
1053 2713 1086 2777 δὲ
1109 2716 1237 2796 μηδεμία
1259 2719 1364 2798 χρυσία
1387 2717 1462 2799 μηδὲ

150 2819 249 2888 φῦκος
271 2815 329 2872 κτλ.
350 2813 453 2872 eadem
476 2815 593 2874 ratione
615 2819 722 2874 natum
745 2817 793 2890 eit,
817 2833 999 2890 quamquam
1022 2815 1136 2891 aliquid
1160 2818 1251 2875 etiam
1274 2835 1408 2878 severam
1426 2818 1462 2877 de

150 2929 211 2986 qua
242 2912 343 2988 agitur
374 2911 548 2990 religionem
576 2914 704 2974 valuisse
736 2913 824 2973 facile
851 2913 993 2988 concede,
1025 2917 1201 2990 praesertim
1233 2933 1301 2973 cum
1331 2917 1379 2975 lex
1406 2920 1462 2976 Δε-

150 3007 276 3081 στιυίνας
297 3008 509 3084 Lycosurensis
532 3009 604 3069 deae
628 3015 772 3089 cognatae
795 3013 875 3070 inter
901 3012 963 3071 alia
990 3011 1026 3071 de
1049 3012 1184 3072 adeundo
1212 3013 1282 3073 sano
1302 3017 1462 3090 praecepta

150 3107 223 3166 item
246 3107 366 3185 χρυσία,
392 3105 584 3186 ὑποδήματα,
612 3106 664 3180 τὰς
688 3108 787 3187 τρίχας
809 3106 1050 3190 ἀμπεπλεγμένας
1072 3110 1176 3170 haberi
1199 3114 1288 3171 vetet.
1312 3145 1357 3155 -
1375 3107 1461 3175 ‘rew-

150 3203 266 3282 (λήματα
290 3203 448 3284 δερμάτινα
467 3205 607 3283 ἱερόθυτα
625 3209 644 3266 i.
656 3227 679 3266 e.
694 3207 842 3267 fabricata
861 3227 876 3266 e
895 3207 1023 3284 pellibus
1042 3208 1245 3268 victimarum:
1269 3210 1324 3271 hoc
1344 3231 1460 3288 quoque

148 3307 308 3380 praecepto
331 3305 479 3362 luxuriam
502 3305 654 3381 prohiberi
676 3307 764 3382 puto,
796 3305 847 3366 sed
875 3307 911 3365 cf.
936 3305 1027 3366 etiam
1055 3306 1094 3366 ed
1121 3327 1148 3364 n.
1168 3309 1230 3366 117
1255 3328 1282 3367 v.
1304 3311 1343 3368 17
1350 3329 1393 3386 sq.
1418 3342 1461 3352 -

149 3399 169 3476 ἕ
196 3404 213 3460 7
242 3411 369 3461 σκανᾶνι
401 3401 581 3462 Carneorum
611 3403 734 3476 σκιάδας
766 3406 952 3480 comparavit
979 3403 1113 3481 Sauppe,
1146 3405 1197 3464 sed
1229 3424 1294 3465 moe
1322 3409 1461 3484 tentoria,

149 3499 201 3559 ubi
223 3502 292 3576 post
314 3500 494 3560 sacrificium
516 3501 720 3578 epularentur,
752 3502 882 3561 faciendi
909 3503 1004 3562 multo
1034 3503 1127 3562 latius
1155 3503 1292 3580 patebat,
1324 3505 1360 3564 oi.
1383 3524 1460 3581 quae

148 3596 185 3656 de
208 3596 264 3657 hac
287 3615 319 3655 re
348 3597 410 3657 dixi
439 3597 476 3657 ad
500 3618 528 3656 n.
550 3601 589 3659 79
615 3609 645 3658 et
667 3619 695 3676 p.
717 3600 779 3658 138
809 3598 847 3658 ad
869 3620 897 3658 n.
919 3601 969 3659 46.
1021 3599 1194 3674 Quaeritur,
1225 3601 1298 3678 quid
1325 3602 1382 3660 sibi
1409 3622 1460 3663 vo-

147 3695 239 3753 luerit
265 3693 355 3767 τόττος
381 3696 433 3755 ille
461 3695 498 3756 eb
522 3695 611 3776 ίεροῑς
638 3699 777 3757 metatus.
822 3697 944 3757 Minime
967 3697 998 3756 id
1021 3701 1140 3758 tantum
1162 3699 1279 3759 consilii
1302 3701 1403 3774 fuisse,
1426 3705 1460 3761 ut

148 3793 195 3852 his
222 3793 305 3852 locus
332 3797 546 3869 reservaretur,
577 3796 669 3854 immo
696 3815 784 3855 usum
812 3797 875 3855 eius
903 3795 941 3854 ad
968 3795 1144 3874 religionem
1167 3799 1197 3856 et
1226 3799 1370 3874 mysteria
1393 3819 1460 3876 per-

147 3893 273 3950 tinuisse
305 3910 340 3951 eo
372 3891 606 3966 demonstretur,
643 3893 722 3970 quod
756 3911 809 3953 nec
840 3890 972 3970 ἀμύητος
1005 3897 1163 3971 quisquam
1194 3895 1307 3955 intrare
1338 3897 1459 3973 poterat

146 3992 178 4048 et
209 3993 370 4065 praecepta
400 3989 540 4050 lustralia
576 3991 612 4050 de
645 4010 679 4050 eo
711 3992 796 4051 velut
828 3991 864 4050 de
896 3983 1017 4074 fano⁸⁹)
1050 3993 1192 4052 velebant
1224 3985 1265 4075 (v.
1291 3995 1331 4054 37
1365 4017 1459 4074 χωρα-

191 4163 195 4169 ’
219 4161 264 4229 86)
291 4159 346 4212 vid.
366 4175 440 4227 quae
462 4159 497 4214 de
520 4159 573 4216 hoc
591 4177 734 4215 sacrorum
752 4177 854 4231 genere
873 4161 955 4217 docte
974 4165 1003 4218 at
1024 4161 1176 4233 diligenter
1194 4163 1324 4232 exposuit
1342 4163 1458 4235 Stengel

145 4241 243 4297 λαλεῖν.
260 4239 284 4306 s.
299 4241 373 4294 Pbs'l.
394 4245 462 4294 1883
485 4259 513 4310 p.
533 4245 651 4309 tltsqq.
671 4243 700 4296 et
719 4241 791 4296 KA’
808 4259 836 4312 p.
852 4247 969 4312 ltlsqq.
1011 4242 1033 4296 E
1057 4241 1204 4296 titulorum
1227 4243 1397 4299 testimoniis
1421 4245 1457 4300 ci.

146 4335 169 4374 e.
185 4338 211 4390 g.
231 4319 315 4392 Syll!
334 4323 385 4373 929
405 4338 429 4375 v.
445 4327 525 4391 26sq.
545 4321 704 4392 ἀναβάντες
724 4321 771 4376 ἐπὶ
789 4322 838 4377 τὸν
856 4322 950 4393 βωμὸν
968 4329 1019 4392 τῆς
1033 4319 1190 4393 Ἀρτέμιδος
1208 4329 1257 4392 τῆς
1274 4331 1459 4396 Λευκοφρυη-

146 4407 198 4469 νῆς
216 4399 445 4471 σφαγιασθέντος
463 4399 567 4469 ἱερείου
585 4399 731 4472 ὠμόσαμεν
750 4399 822 4456 καθ’
843 4401 936 4472 ἱερῶν,
953 4403 1020 4458 ibid.
1040 4409 1092 4457 168
1112 4421 1135 4458 v.
1152 4410 1233 4472 isqq.
1253 4403 1321 4460 τάδε
1345 4403 1458 4475 ὤμοσαν

145 4483 189 4536 rol
207 4476 321 4535 Ἰτοίνιοι
340 4513 374 4521 -
391 4511 424 4522 -
439 4513 473 4522 -
492 4477 564 4537 καθ’
585 4480 668 4550 leores
687 4483 856 4550 νεοκαύτων,
874 4481 978 4537 Michel
997 4483 1109 4538 Remea
1124 4487 1157 4537 19
1172 4501 1197 4538 v.
1211 4487 1246 4537 48
1266 4482 1457 4554 ὁρκισύτωσαν

149 4560 278 4632 [αύ]τούς
296 4559 324 4614 ol
343 4559 486 4627 ἐξετασταί
504 4562 551 4618 dart
569 4569 619 4618 τοῦ
637 4561 779 4634 Μητρῴου
799 4562 884 4631 ἱεροῖς
902 4555 1072 4626 νεοκαύτοες.

218 4643 263 4710 87)
291 4639 351 4694 noli
374 4641 486 4696 obicere
504 4647 520 4709 ς
535 4642 613 4710 tim,
637 4642 687 4697 ubi
712 4658 779 4698 sene
798 4660 853 4699 non
873 4643 977 4698 diserte
996 4643 1024 4698 ολ
1042 4640 1113 4712 λεροί
1136 4644 1329 4712 nominantur,
1353 4645 1403 4700 sed
1422 4645 1457 4700 de

146 4719 191 4775 his
210 4720 286 4775 idem
304 4721 398 4776 valere
416 4738 467 4792 per
485 4738 514 4777 se
534 4722 626 4792 ipsum
644 4722 829 4794 intellegitur.

216 4804 261 4870 88)
291 4801 325 4856 cf.
346 4817 419 4870 quae
439 4802 474 4857 de
492 4803 650 4872 praeceptis
669 4802 843 4859 funeralibus
863 4807 1070 4876 cognoscuntur
1086 4823 1113 4860 n.
1131 4810 1165 4859 74
1183 4808 1212 4859 et
1231 4809 1273 4861 98.

216 4886 260 4952 89)
290 4880 325 4937 ef.
344 4887 430 4938 1149.
450 4887 563 4938 90-98.
585 4889 644 4938 117.
665 4891 725 4938 145.
746 4890 804 4939 148.
826 4891 884 4940 192.
