3424 5462
263 340 329 404 220
779 340 894 395 LEGES
914 339 1055 396 escula

264 513 363 586 potest
385 529 439 570 nec
462 510 566 570 debuit
593 509 630 570 ab
658 528 693 569 eo
717 510 844 570 conferri
867 509 1058 570 Homericum
1082 508 1206 588 τράπετο
1231 507 1306 581 νόος.
1352 509 1420 569 Keil
1450 510 1581 586 denique

263 607 356 666 flexus
380 609 446 666 viae
471 626 505 667 ao
528 608 716 684 potissimum
739 609 830 668 trivia
853 608 1002 667 intellexit
1019 611 1054 667 ut
1071 609 1231 684 praecipue
1250 607 1366 682 idonea,
1389 627 1449 684 quo
1469 609 1582 686 vulgus

264 709 460 778 concurreret,
483 724 624 782 pompam
648 709 821 777 moraretur,
844 706 997 765 silentium
1016 705 1159 764 turbaret.
1198 705 1256 764 Sed
1274 705 1345 764 licet
1362 705 1393 764 id
1412 707 1580 782 periculum

263 805 295 860 in
323 803 422 863 triviis
449 805 545 863 maius
574 823 662 879 quam
691 803 763 863 alibi
790 805 894 879 fucrit,
927 806 992 862 erat
1019 807 1098 863 certe
1120 823 1175 879 per
1196 806 1293 862 totam
1321 802 1434 876 urbem,
1463 807 1498 862 ut
1521 803 1580 862 La·

263 899 390 976 byades,
419 903 444 960 si
471 901 504 960 id
530 901 686 978 prohibere
708 903 886 974 voluissent,
914 903 946 960 in
970 904 1140 961 universum
1164 902 1274 960 lectum
1299 901 1409 977 deponi
1432 905 1581 960 vetituros

264 999 355 1057 fuisse
388 1003 599 1075 exspectemus.
645 1001 778 1075 Accedit,
809 998 889 1076 quod
922 997 1049 1077 στροφαί
1074 999 1167 1058 flexus
1195 1001 1262 1058 viae
1291 999 1458 1076 significare
1489 1000 1581 1058 facile

264 1096 450 1156 concedimus
458 1089 511 1178 ¹⁹),
538 1097 630 1157 trivia
652 1117 711 1157 non
734 1101 820 1170 item,
848 1098 958 1174 quippe
987 1117 1064 1174 quae
1092 1115 1251 1171 concursu,
1278 1115 1337 1155 non
1361 1097 1437 1155 flexu
1461 1099 1581 1157 viarum

264 1195 440 1254 efficientur.
477 1196 583 1272 Itaque
607 1199 747 1255 neumam
770 1196 828 1256 loci
851 1195 1022 1255 recordatus
1044 1195 1136 1254 flexus
1155 1195 1222 1254 viae
1241 1201 1373 1254 montem
1391 1196 1581 1255 ascendentis

264 1291 325 1351 dici
352 1292 480 1368 confido,
507 1295 538 1352 in
567 1293 674 1370 quibus
702 1314 738 1353 ne
761 1294 899 1353 lecticam
923 1296 975 1368 qui
997 1293 1160 1370 portabant
1183 1311 1305 1352 ascensu
1333 1295 1405 1352 fessi
1427 1294 1581 1352 interdum

265 1389 455 1466 deponerent,
478 1395 543 1450 erat
564 1392 738 1468 periculum.
758 1423 802 1433 --
821 1412 848 1451 v.
870 1394 963 1467 l9sq.
987 1395 1073 1468 τρνεῖ
1091 1387 1140 1467 ep
1163 1386 1274 1468 puellis
1294 1387 1366 1472 ι’ίγος
1389 1389 1475 1450 tora:
1499 1391 1581 1467 quod

263 1489 296 1545 in
323 1489 423 1565 lapide
451 1489 594 1566 scriptum
622 1493 705 1550 extat
728 1479 927 1550 ΕΝΑΓΟΣ
951 1491 1013 1548 sive
1039 1479 1244 1548 ΕΝΑΤΟΣ
1272 1493 1375 1566 aptam
1398 1491 1581 1549 sententiam

264 1605 323 1645 uon
347 1586 447 1646 efficit.
493 1587 597 1664 Ipsum
621 1589 699 1647 enim
723 1579 872 1668 tvcyoewl
898 1605 919 1646 s.
939 1579 1087 1667 ttezogffl)
1109 1586 1196 1645 nihili
1224 1589 1282 1662 est3
1309 1587 1389 1663 quod
1417 1606 1487 1646 vero
1511 1586 1581 1646 Keil

263 1684 442 1759 particulam
467 1681 498 1745 δὲ
521 1687 551 1744 vi
574 1688 725 1746 intensive
747 1687 866 1763 capiens
890 1687 964 1762 legit
991 1689 1078 1763 τηνεῖ
1101 1677 1128 1744 d’
1155 1682 1187 1745 ἐν
1210 1681 1282 1765 ι’ίγος
1308 1683 1381 1745 ἔσται
1412 1703 1441 1743 cs
1464 1685 1519 1744 soll
1540 1701 1581 1745 su

263 1782 370 1841 Frceel
394 1785 558 1857 porciolam,
587 1784 672 1843 nulla
699 1788 744 1844 est
771 1784 878 1843 idonea
901 1801 1004 1859 causa,
1036 1801 1088 1841 cur
1110 1787 1180 1859 post
1202 1776 1272 1860 μηδ’
1300 1779 1497 1856 ὀτοτοζόντων
1521 1785 1580 1842 icr-

263 1880 346 1939 mula
373 1880 569 1941 interdicendi
597 1885 660 1941 tam
688 1883 872 1942 sollemniter
898 1884 1030 1941 iteretur.
1076 1880 1172 1940 [mmo
1202 1882 1449 1959 proficiscendum
1472 1885 1518 1940 est
1542 1881 1581 1941 ab

264 1977 455 2038 adversativa
474 1981 505 2037 vi
522 1979 605 2040 illius
624 1977 666 2055 δέ,
690 1999 750 2056 qua
772 1981 861 2038 facile
879 1981 906 2039 is
925 1996 1053 2039 conexus
1072 1980 1186 2039 existit:
1209 1997 1268 2038 non
1286 1981 1350 2039 licet
1364 1983 1452 2053 prius
1471 1981 1581 2038 laracn-

264 2079 331 2144 tari,
355 2094 444 2149 quam
467 2078 507 2136 cd
531 2079 675 2136 ίιιοιαίνοι
698 2083 814 2137 eentum
831 2081 882 2147 est,
904 2079 950 2136 bic
972 2093 1039 2136 cero
1058 2079 1122 2136 licet
1144 2079 1240 2151 pseud
1259 2081 1308 2136 etc.
1345 2077 1442 2146 Quam
1461 2083 1581 2136 senten·

262 2174 338 2233 tiam
363 2175 514 2234 commode
536 2177 656 2235 restitui
674 2194 762 2252 posse
785 2175 938 2236 scribendo
961 2179 1048 2252 τηνεί
1062 2171 1111 2251 ep
1130 2171 1241 2253 μηδζὲν
1258 2171 1331 2255 ίίγος
1353 2173 1426 2236 ἔσται
1434 2167 1474 2255 ”)
1494 2177 1581 2234 acute

263 2271 342 2331 vidit
364 2272 465 2348 Blass,
492 2273 581 2332 facile
604 2276 682 2334 enim
706 2274 771 2333 fieri
793 2274 908 2350 potuit,
936 2276 970 2332 ut
992 2273 1123 2348 lapicida
1145 2273 1177 2332 in
1200 2273 1447 2333 transscribendis
1469 2274 1581 2332 litteris

265 2373 400 2446 apriore
419 2364 488 2429 ΔΕ
510 2371 548 2430 ad
571 2372 698 2431 alterum
722 2391 820 2431 errore
841 2371 1006 2445 laberetur3
1030 2389 1121 2446 quare
1145 2388 1205 2431 non
1223 2371 1359 2430 dubitavi
1378 2371 1580 2430 coniecturam

265 2469 327 2527 cius
351 2486 418 2527 cum
441 2468 670 2549 Dittenbergero
693 2472 726 2528 in
749 2473 863 2529 textum
887 2471 1026 2545 recipere.
1072 2469 1244 2544 Enuntiati,
1271 2470 1352 2546 quod
1376 2468 1413 2527 ab
1436 2466 1519 2528 ίιὲντε
1542 2491 1581 2528 ιια

263 2566 380 2641 incipit,
411 2566 620 2644 interpretatio
648 2587 685 2626 ne
717 2571 786 2643 post
812 2567 968 2626 Fournieri
1000 2567 1121 2642 quidem
1149 2567 1307 2627 lectionem
1335 2571 1416 2626 certa
1444 2572 1498 2627 est.
1545 2567 1581 2626 ln

263 2663 363 2740 lapide
393 2655 575 2726 ΘΙΓΑΝΑ
606 2685 668 2724 esse
695 2665 721 2724 is
748 2665 863 2741 docuit,
897 2665 947 2724 sed
971 2665 1122 2740 quidhoc
1146 2665 1203 2724 sibi
1226 2666 1312 2739 velit,
1343 2665 1479 2738 dubium3
1512 2665 1580 2724 sub-

265 2762 430 2821 stantivum
453 2761 565 2842 θνγοίνα
589 2764 720 2823 eiusdem
739 2783 806 2823 cum
824 2761 960 2844 θιγγάνω
980 2765 1010 2822 ct
1032 2781 1100 2821 cum
1119 2762 1228 2825 Latino
1246 2765 1325 2838 finpo
1345 2761 1477 2840 originis
1501 2763 1581 2839 quod

264 2859 296 2918 F.
321 2863 445 2937 agnovit
468 2865 499 2920 et
521 2862 683 2940 imaginem
711 2864 764 2921 aut
794 2865 1001 2920 oruamentum
1024 2861 1107 2920 velut
1129 2880 1182 2921 vas
1206 2861 1254 2920 vel
1281 2860 1386 2920 stolam
1411 2861 1580 2940 significare

264 2959 406 3034 coniecit,
433 2958 628 3020 fundamento
656 2963 738 3020 earet
764 2959 860 3019 solido
884 2962 915 3018 et
941 2959 978 3018 de
1001 2959 1057 3018 tali
1079 2978 1111 3018 re
1135 2959 1332 3036 compositum
1356 2957 1493 3042 ἐπιτιθῇ,
1521 2977 1580 3019 non

264 3060 395 3139 ιτοτθετῇ
423 3057 628 3133 usurpandum
655 3059 746 3118 fuisse
774 3057 986 3134 Ditteuberger
1014 3061 1093 3117 recte
1120 3059 1247 3118 monuit.
1292 3057 1371 3115 Nam
1398 3057 1453 3116 hcc
1482 3058 1581 3133 ipsum

264 3158 416 3232 ποτθεθῆι
439 3156 543 3231 utique
565 3159 719 3232 tamquam
742 3155 970 3216 fundamentum
992 3157 1249 3232 interpretationis
1272 3155 1433 3214 tenendum
1452 3155 1581 3232 videtin,

265 3253 407 3328 quoniam
426 3253 479 3328 qui
496 3249 667 3332 ἀποτθεθῆι
686 3254 800 3332 legunt,
819 3256 922 3312 stetim
941 3273 1069 3312 errorem
1084 3254 1232 3329 lapicidae
1239 3245 1278 3334 ²³)
1298 3254 1456 3313 admittere
1470 3273 1581 3332 cogun-

264 3354 322 3409 tur.
369 3350 501 3410 Verbum
528 3349 721 3430 προστιθέναι
748 3353 796 3411 hic
825 3355 859 3410 ut
886 3351 959 3411 alibi
982 3352 1018 3411 de
1046 3352 1225 3428 imponendo
1249 3371 1297 3426 eo,
1326 3371 1384 3426 quo
1411 3353 1580 3429 sepulcrum

265 3449 428 3524 clauditur,
456 3448 515 3507 diei
544 3448 825 3525 substantivumque
853 3451 946 3509 latere
970 3449 1136 3524 operculum
1159 3450 1329 3528 significans
1353 3449 1487 3508 Dittenb.
1511 3467 1579 3508 con·

265 3547 336 3607 iecit
359 3549 450 3623 etque
473 3545 504 3604 id
528 3547 648 3623 quidem
672 3549 698 3606 si
721 3550 901 3607 sententiam
924 3551 1050 3624 spectas,
1072 3547 1277 3624 probabiliter,
1300 3547 1351 3607 sed
1376 3548 1525 3624 quomodo
1544 3567 1580 3606 ea

264 3663 478 3673 ...ἑ-

341 3729 381 3796 19)
409 3725 493 3780 buius
512 3743 579 3780 usus
599 3725 719 3780 alterum
734 3726 893 3795 exemplum
907 3743 1020 3796 prorsus
1040 3725 1131 3781 simile
1146 3742 1213 3781 sane
1226 3727 1331 3795 nescio,
1350 3725 1470 3781 conferri
1485 3729 1577 3780 temen

267 3807 362 3876 potest
381 3806 465 3876 Soph.
481 3805 580 3861 Trach.
597 3813 647 3860 1³1
668 3805 772 3872 ἄρκτου
792 3805 949 3875 στροφάδες
967 3804 1105 3861 κέλευθοι.

337 3889 382 3956 20)
410 3885 478 3941 olim
506 3886 667 3956 cogitabam
690 3887 724 3940 de
748 3887 923 3941 substantivo
948 3886 1073 3941 eiusdem
1101 3886 1160 3940 fere
1184 3887 1411 3958 significationis,
1440 3903 1512 3955 quae
1536 3889 1579 3941 est

265 3967 349 4021 verbo
368 3964 512 4036 ἐναγίζειν,
537 3967 604 4036 quia
623 3965 742 4021 Graecos
761 3967 880 4021 mortuis
900 3964 1036 4036 ἐναγίζειν
1056 3967 1232 4021 consuevisse
1250 3971 1349 4023 uotum
1368 3970 1422 4033 est,
1447 3967 1578 4035 idemque

265 4047 420 4102 editoribus
439 4047 521 4102 inser.
537 4047 588 4102 iur.
607 4046 637 4100 in
662 4049 785 4102 mentem
804 4047 912 4101 venisse
936 4063 1009 4101 nunc
1028 4047 1124 4114 videm
1148 4048 1197 4101 sed
1216 4047 1385 4118 significatio
1405 4047 1456 4101 illa
1476 4047 1577 4101 solnm·

268 4127 352 4182 modo
371 4127 406 4180 iis
424 4127 568 4182 vocabulis
586 4128 677 4182 inesse
696 4127 814 4194 videtin,
834 4143 907 4195 quae
927 4127 962 4181 ab
982 4127 1045 4196 ipsa
1064 4127 1151 4197 stirpe
1171 4127 1286 4197 ἐναγιδ-
1305 4127 1432 4182 derivate
1450 4131 1524 4182 sunt.

338 4209 382 4276 ⁶21)
411 4223 479 4262 sene
501 4208 531 4261 id
554 4207 684 4278 legerunt
701 4207 787 4278 Drag.
806 4209 835 4262 et
853 4207 947 4262 Perdr.
967 4223 1018 4262 nec
1041 4209 1138 4262 temen
1161 4207 1384 4277 explicaverunt,
1408 4211 1484 4262 certe
1503 4205 1576 4275 quod

266 4287 312 4341 Dr.
332 4287 418 4342 vertit
437 4287 473 4342 ‘ct
491 4289 518 4342 ld
537 4305 574 4343 οο
591 4305 767 4344 recommcncc
785 4289 822 4342 les
841 4289 1033 4342 luminatione
1050 4305 1099 4343 eur
1118 4289 1141 4342 le
1161 4289 1250 4358 ccepe'
1270 4303 1424 4357 provocans
1443 4287 1480 4341 ed
1500 4287 1574 4342 Suid.

266 4385 287 4421 s.
301 4385 326 4420 v.
345 4367 514 4438 ἀτυζομένῃ,
537 4367 656 4437 Hesycb.
676 4385 697 4422 s.
712 4386 736 4421 v.
756 4365 853 4434 ἀνατί,
876 4368 992 4435 ἄνατος,
1016 4365 1102 4433 ἀτίζει
1125 4371 1192 4434 etc,
1215 4369 1354 4422 rationem
1377 4368 1437 4422 eius
1461 4385 1516 4422 non
1535 4367 1576 4420 in-

265 4447 379 4519 tellego.

338 4534 382 4598 22)
410 4529 502 4582 minus
526 4528 646 4583 feliciter
669 4528 787 4584 eandem
807 4529 976 4582 sententiam
995 4528 1083 4582 Beun.
1104 4529 1215 4583 efficere
1234 4527 1344 4582 studuit
1362 4527 1482 4599 legendo
1501 4535 1578 4598 τηνιῑ

266 4605 295 4662 d'
314 4609 344 4664 ἐν
364 4608 431 4672 ἆτος
449 4609 517 4663 ἔσται
536 4609 743 4663 substantivum
762 4609 887 4663 eiusdem
907 4609 1003 4678 stirpis
1022 4611 1108 4677 etque
1128 4609 1298 4664 adiectivum
1318 4604 1384 4672 ἆτος
1403 4611 1432 4662 et
1446 4609 1575 4662 Latinum

265 4695 322 4756 sat,
344 4691 413 4744 eatis
431 4705 585 4760 agnoscens
605 4692 633 4744 ct
656 4689 844 4758 interpretans
863 4707 947 4757 usqeee
965 4689 1004 4742 art
1021 4691 1171 4744 satietatem
1195 4707 1231 4744 sc.
1252 4689 1400 4744 lanseutari
1418 4689 1502 4743 liceto.
1539 4690 1576 4740 At

266 4772 299 4822 ut
322 4769 374 4823 boc
397 4786 500 4823 novum
524 4769 731 4823 substantivum
753 4769 780 4824 ei
804 4770 1002 4835 concedemus,
1031 4773 1127 4824 tamen
1150 4769 1180 4822 id
1203 4770 1297 4839 ipsum
1321 4786 1337 4822 a
1360 4767 1483 4838 simplici
1506 4767 1574 4838 legis

267 4865 393 4903 sermone
411 4849 589 4904 vehementer
608 4849 746 4904 abhorret.

339 4931 383 4997 23)
412 4929 562 4984 defendere
581 4946 648 4984 sane
669 4929 779 4984 studuit
797 4929 860 4984 Keil
878 4929 897 4983 l.
913 4947 936 4984 c.
955 4949 982 5000 p.
999 4935 1058 4983 517.
