3450 5458
703 293 859 360 stultae
879 324 904 360 n.
920 307 954 360 ae
1429 305 1493 371 143

178 477 225 536 illi
250 477 348 537 visum
372 479 426 551 est,
450 475 609 536 dummodo
633 494 692 552 qua
711 475 827 535 ratione
846 479 877 535 et
896 493 955 551 quo
975 476 1098 536 oonsilio
1117 475 1235 554 singula
1254 476 1391 554 deinceps
1409 496 1493 554 prae·

178 577 268 652 cepta
291 575 512 650 contineantur,
533 577 614 634 recte
637 591 839 651 assequemur.

272 683 316 742 Ac
339 683 470 759 primum
494 681 614 758 quidem
637 701 663 740 v.
684 682 814 741 32-62
843 701 968 740 munera
995 681 1091 741 sodali
1116 681 1185 741 inde
1213 682 1250 741 ab
1278 683 1403 742 introitu
1427 684 1495 742 sub·

180 781 280 840 cunda
303 781 541 856 constituuntur,
568 779 677 856 quibus
704 781 777 841 satis
802 782 871 857 apte
893 783 1087 857 praeceptum
1114 780 1150 839 de
1174 781 1366 841 conventibus
1390 773 1431 861 (v.
1451 785 1493 840 42

180 879 348 940 συνίτωσαν
371 870 444 960 κτλ.)
472 881 618 938 insertum
645 881 704 953 est,
732 879 842 954 quippe
870 877 978 954 quibus
1002 878 1118 938 sodales
1143 879 1285 939 interesse
1316 878 1494 938 deberent.

180 977 399 1038 Difficultatem
422 978 551 1036 maxime
573 976 719 1054 praebent
736 975 827 1036 verba
849 997 877 1039 v.
893 977 934 1036 48
946 995 1009 1053 sqq.
1031 974 1083 1036 ἐὰν
1102 973 1134 1038 δὲ
1153 976 1193 1057 μὴ
1212 981 1330 1057 πληροῖ,
1353 975 1495 1058 εἰργέσθω

180 1085 235 1156 τῆς
258 1074 397 1154 στιβάδος
419 1073 469 1136 sni
493 1073 701 1136 εὐιονιίιωσαν
721 1074 752 1136 οἱ
772 1079 811 1158 τῷ
830 1075 1003 1154 ψηφίσματι
1026 1072 1254 1157 ἐνγεγραμμένοι
1277 1073 1364 1156 χωρὶς
1383 1071 1403 1154 ἢ
1421 1072 1495 1136 dno-

182 1173 293 1253 δημίας
315 1170 336 1252 ἢ
358 1171 493 1246 πένθους
515 1169 536 1252 ἢ
559 1171 651 1235 νόσοο
674 1169 695 1252 ἢ
719 1169 778 1250 [εἰ]
806 1169 924 1252 σφόδρα
951 1169 1113 1246 ἀνανιιαῖός
1137 1195 1182 1245 τις
1209 1163 1247 1252 ἦν
1271 1169 1287 1233 ὅ
1309 1173 1496 1255 προσδεχθη-

184 1271 309 1350 σόμενος
333 1271 360 1343 ἰς
383 1270 438 1350 τὴν
461 1270 584 1351 στιβάδα
607 1269 787 1351 ιιρεινοὶνιοιν
809 1279 868 1330 τῶν
892 1268 1001 1352 ἱερέαν.
1039 1269 1161 1331 Summa
1185 1272 1359 1347 sententiae,
1382 1275 1408 1332 si
1431 1275 1497 1350 qui·

78 1363 87 1372 ’
182 1371 251 1430 dem
274 1370 364 1430 verba
395 1367 448 1430 ἐὰν
475 1365 508 1430 δὲ
540 1367 581 1448 μὴ
613 1372 726 1448 πληροῖ
749 1369 787 1428 ad
816 1369 952 1446 proxima
978 1367 1033 1448 τὴν
1062 1367 1233 1451 ὁρισθεῖσαν
1260 1369 1302 1442 εἰς
1334 1369 1385 1432 τὸν
1413 1363 1497 1431 οἶνον

183 1467 284 1548 φοράν
307 1468 472 1529 necessario
496 1468 651 1528 referenda
674 1470 752 1542 sunt,
776 1471 857 1528 certa
880 1471 938 1528 est:
961 1468 995 1544 is,
1024 1469 1077 1545 qui
1099 1470 1282 1528 menstruam
1306 1469 1414 1545 stipem
1437 1488 1496 1528 non

183 1566 284 1642 solvit,
308 1565 542 1646 caeteteris,
565 1565 702 1626 simodo
724 1569 804 1626 recte
827 1585 918 1643 supra
940 1566 1046 1642 statui,
1075 1587 1093 1625 a
1115 1567 1279 1626 maioribus
1302 1567 1496 1627 sollemnibus

182 1667 240 1726 hoo
261 1665 381 1725 nomine
405 1664 572 1742 insignibus
590 1665 639 1724 vel
656 1665 732 1739 loco,
754 1664 806 1724 ubi
825 1685 860 1726 ea
878 1664 998 1742 fiebant,
1022 1665 1198 1741 excluditur,
1222 1665 1279 1726 nisi
1298 1667 1497 1726 excusationis

183 1781 292 1824 causae
315 1763 466 1837 valebant,
490 1782 505 1823 e
530 1763 637 1840 quibus
661 1763 748 1822 facile
772 1763 988 1842 intelleguntur
1011 1763 1137 1842 aliisque
1161 1763 1303 1841 exemplis
1321 1763 1497 1825 confirmau-

183 1853 279 1942 tur⁴⁴)
307 1861 442 1937 morbus,
473 1863 546 1936 iter,
579 1863 683 1938 fimus3
716 1861 933 1921 dubitationem
960 1865 1061 1922 movet
1087 1867 1271 1939 postremum
1299 1856 1352 1942 [εἰ]
1380 1860 1498 1942 σφόδρα

183 1957 345 2040 ἀναγκαῖός
367 1981 412 2032 τις
435 1949 473 2038 ἦν
496 1962 554 2020 erl.
601 1959 688 2019 Wide
720 1963 838 2020 vertens
873 1956 972 2020 ‘wem
1000 1979 1032 2020 er
1065 1993 1104 2002 -
1135 1993 1177 2002 -
1210 1965 1290 2020 soeret
1317 1964 1405 2020 etwas
1432 1962 1498 2022 sebr

183 2059 371 2134 Dricgendes
393 2053 533 2118 vortat&
558 2076 677 2118 sensum
700 2059 793 2118 elficit
815 2062 929 2136 aptum,
951 2078 1005 2119 nee
1028 2063 1130 2119 tamen
1153 2059 1178 2119 is
1198 2059 1296 2120 verbis
1317 2060 1380 2119 illis
1402 2060 1498 2120 inesse

184 2159 300 2234 potest,
327 2155 451 2218 Maassii
472 2157 682 2233 interpretatio
713 2153 812 2218 ‘asem
835 2157 888 2218 der
909 2159 941 2216 tn
963 2159 1020 2218 den
1040 2157 1218 2232 Opfseraum
1241 2157 1499 2233 Ausemdemerrde

184 2258 232 2316 οιίι
253 2256 446 2332 consecter
476 2255 662 2316 l'erwandter
685 2251 763 2315 war'
792 2255 889 2332 primo
912 2255 1046 2332 speciosa
1068 2257 1190 2316 videtur
1216 2261 1248 2316 et
1269 2257 1498 2336 Dittenbergero

185 2353 308 2430 quidem
329 2352 454 2430 placuit,
476 2353 537 2428 sed,
560 2353 592 2412 ni
613 2354 803 2414 vehementer
820 2354 918 2429 fallor,
941 2372 1007 2414 cum
1026 2354 1270 2416 antecedentibus
1293 2352 1346 2416 ἐὰν
1364 2353 1405 2434 μὴ
1423 2358 1498 2434 πλη-

185 2456 239 2530 ροῖ
257 2469 296 2512 sc
315 2449 370 2529 τήν
393 2449 493 2529 φοράν
516 2452 669 2512 conciliari
690 2453 804 2529 nequit,
828 2454 900 2528 quia
921 2453 992 2514 talis
1011 2454 1162 2514 excusatio
1180 2453 1211 2512 in
1231 2473 1298 2513 eum
1317 2453 1424 2530 solum,
1448 2453 1499 2530 qui

186 2551 218 2608 in
250 2553 399 2610 conventu
430 2549 546 2624 deerat,
577 2541 761 2632 quadrat.⁴⁶)
812 2551 913 2610 Etiam
946 2550 1063 2630 σφόδρα
1093 2551 1169 2611 illud
1201 2551 1236 2610 de
1264 2553 1499 2630 propinquitatis

187 2647 284 2727 gradu
310 2648 425 2708 dictum
453 2647 598 2725 displicet.
645 2649 751 2726 Itaque
779 2648 863 2709 ahud
886 2649 1006 2710 subesse
1034 2650 1181 2727 suspicor:
1213 2650 1277 2711 ficri
1300 2653 1433 2727 poterat,
1466 2655 1500 2710 ut

187 2747 255 2824 quis
279 2746 388 2823 stipem
406 2746 483 2806 serre
502 2746 681 2827 neglegeret,
698 2747 778 2807 idom
796 2749 897 2808 tamen
916 2751 979 2808 arte
998 2748 1100 2825 aliqua
1114 2748 1197 2808 velut
1216 2749 1247 2808 in
1266 2768 1373 2810 scaena
1392 2749 1499 2828 agendi

187 2845 358 2920 excelleret,
383 2844 509 2922 ideoque
533 2844 662 2921 sodales,
685 2864 722 2906 ne
746 2864 836 2922 opera
859 2848 923 2906 eius
946 2849 1080 2926 egerent,
1103 2866 1171 2906 cum
1195 2847 1353 2907 admittere
1376 2847 1501 2907 mallent

187 2941 369 3024 κραινόντων
396 2961 436 3003 sc.
459 2951 517 3003 τῶν
545 2941 653 3021 ἱερέων.
704 2943 804 3020 Atque
833 2943 947 3020 aliquid
975 2947 1053 3005 certe
1085 2945 1179 3021 valet,
1212 2944 1291 3022 quod
1323 2947 1379 3006 hac
1410 2948 1500 3006 inter-

188 3041 356 3120 pretatione
379 3041 489 3119 lapidis
508 3041 666 3102 lectionem
689 3061 716 3101 v.
733 3038 863 3120 713(ρῆ
886 3039 1052 3103 ἀποδοῦναι
1075 3039 1167 3102 αὐτὸν
1189 3039 1210 3122 ἢ
1233 3041 1399 3122 ἰσέρχεσθαι
1421 3047 1501 3103 tueri

187 3158 276 3217 posse
304 3139 449 3200 videmur.
501 3137 565 3210 Quo
598 3141 663 3201 loco
691 3141 790 3200 Maces
822 3141 1000 3200 sententiam
1031 3142 1182 3218 requirere
1214 3136 1234 3219 ἣ
1263 3139 1303 3219 μὴ
1336 3139 1501 3220 ι’σέρχεσθαι

190 3238 338 3298 iudicavit
370 3237 554 3300 adsentiente
584 3238 822 3316 Dittcnbergero.
874 3237 933 3298 Sed
960 3238 985 3298 si
1016 3238 1105 3298 modo
1132 3241 1211 3299 recte
1241 3239 1349 3314 statui,
1380 3239 1503 3299 admisit

188 3335 341 3397 interdum
364 3335 500 3397 sacerdos
523 3339 615 3396 etiam
638 3356 697 3413 eos,
720 3337 773 3413 qui
795 3337 905 3414 stipem
927 3356 987 3398 non
1009 3337 1150 3412 tuleramt,
1179 3339 1215 3395 ut
1236 3339 1315 3397 recte
1338 3337 1502 3397 schabest

189 3431 210 3514 ἢ
236 3431 402 3513 ἰσέρχεσθαι
432 3453 527 3510 neque
555 3454 630 3511 opus
657 3435 698 3494 sit
729 3435 889 3514 confugere
912 3434 950 3495 ad
972 3433 1169 3494 mutationem
1196 3434 1295 3510 illam,
1326 3436 1501 3512 praesertim

191 3552 268 3609 quae
291 3551 358 3591 oum
382 3536 463 3592 recte
486 3531 604 3593 dicendi
625 3533 741 3593 ratione
764 3553 871 3611 parum
894 3535 1059 3594 conveniat.
1080 3565 1120 3574 -
1140 3532 1274 3593 Dubium
1292 3534 1428 3609 denique,
1450 3536 1502 3610 qui

190 3631 331 3691 dicautur
353 3629 385 3690 οἱ
410 3628 442 3690 ἐν
465 3631 504 3713 τῷ
533 3630 705 3710 ψηφίσματι
727 3628 962 3712 ἐγγεγραμμένοι.
999 3631 1038 3692 lt
1058 3634 1088 3690 et
1106 3630 1191 3690 Dttb.
1210 3633 1335 3708 uterque
1358 3630 1501 3710 ψήφισμα

190 3731 321 3805 priorem
344 3731 462 3805 partem
484 3729 569 3789 tituli
591 3721 634 3812 (v.
652 3721 775 3811 1-31)
797 3729 988 3809 intellegunt,
1013 3732 1062 3788 cui
1084 3729 1136 3789 ille
1159 3731 1189 3787 in
1213 3730 1375 3807 exemplari
1397 3749 1502 3790 mann-

191 3828 304 3903 scripto
331 3825 453 3886 nomina
480 3827 628 3888 sodalium
655 3828 822 3906 subscripta
854 3829 945 3888 fuisse
971 3831 1073 3905 putat,
1103 3845 1170 3886 cum
1197 3827 1246 3888 hic
1268 3847 1370 3888 curem
1393 3847 1411 3886 a
1434 3847 1501 3888 eon·

192 3928 284 3986 ventu
307 3925 428 3985 arcendi
450 3926 559 3987 rectius
582 3927 633 4001 iis,
657 3927 708 4004 qui
731 3926 902 3987 muneribus
925 3928 1104 4006 fungrmtur,
1130 3945 1221 4002 quam
1244 3925 1435 3986 universitati
1457 3945 1502 3986 so-

192 4023 307 4082 dalium
343 4022 480 4082 mandari
512 4028 631 4084 moneat
663 4041 785 4100 eosque,
821 4027 874 4101 qui
905 4025 1017 4101 passim
1048 4024 1080 4082 in
1111 4025 1201 4084 titulo
1234 4028 1503 4085 commemorantur

192 4120 320 4182 Bacchei
343 4122 504 4200 magistros
530 4123 586 4182 hoc
614 4123 763 4182 locutione
787 4123 995 4201 comprehendi
1019 4123 1154 4182 coniciet.
1201 4122 1258 4182 Sed
1286 4123 1404 4198 dubito,
1431 4143 1502 4184 num

194 4243 406 4250 -—.-—..-—...

265 4339 310 4407 44)
338 4337 374 4392 cf.
393 4355 420 4391 n.
434 4343 468 4392 41
488 4355 512 4392 r.
530 4343 610 4408 ttsq.

265 4427 310 4496 tt)
338 4425 392 4482 hac
415 4425 478 4496 ipsa
501 4426 535 4481 de
560 4443 657 4495 causa,
681 4428 749 4498 quia
768 4428 852 4484 verba
875 4425 1189 4502 ὀαροσδεχθησόμενος
1212 4427 1306 4498 ἰατὴν
1325 4427 1443 4499 στιβάδα
1467 4428 1502 4482 de

192 4505 356 4576 recipiendo
375 4523 447 4562 noro
466 4507 557 4562 sodali
575 4508 692 4578 accipit,
713 4508 822 4580 Dromp
841 4508 983 4564 obiectum
1001 4507 1079 4564 verbi
1097 4511 1200 4578 ιιιηροι
1215 4525 1272 4562 non
1289 4508 1341 4578 τὴν
1360 4507 1403 4576 ὀρ.
1422 4507 1462 4572 εἰς
1479 4527 1502 4562 r.

195 4585 218 4641 t.
237 4584 342 4656 φοράν,
366 4587 415 4642 sed
438 4587 469 4644 rb
492 4587 649 4659 elspldsaoe
668 4605 729 4644 esse
747 4589 809 4644 vult
828 4591 865 4660 (p.
885 4593 960 4660 365),
986 4590 1037 4644 sed
1058 4589 1112 4644 hoc
1131 4587 1208 4643 nullo
1227 4588 1309 4642 modo
1328 4587 1395 4642 ferri
1421 4605 1503 4658 posse

194 4682 358 4737 persuasum
382 4667 485 4734 babeo,
510 4669 577 4738 quia
600 4687 653 4724 vox
676 4670 833 4740 εἰσηιύσιον
856 4671 946 4726 multo
969 4673 1053 4725 antea
1077 4687 1100 4724 ν.
1120 4675 1153 4723 87
1173 4671 1191 4724 i.
1207 4685 1230 4724 e.
1248 4669 1279 4723 in
1302 4669 1411 4723 disemo
1431 4668 1502 4739 legis

195 4747 289 4817 capite
312 4751 480 4804 occurrerat.
526 4748 672 4806 Contraria
695 4751 741 4806 ria
763 4751 995 4821 proficiscendum
1021 4755 1078 4806 est:
1102 4749 1244 4804 obiectum
1267 4748 1345 4803 verbi
1367 4751 1502 4819 ιιιηροιο

194 4827 322 4896 proximo
336 4845 443 4884 conexu
462 4833 538 4884 certa
556 4846 590 4884 ao
608 4829 731 4900 simplici
749 4831 859 4886 ratione
878 4829 1066 4900 supplendum
1086 4833 1170 4899 atque
1189 4829 1256 4884 inde
1274 4829 1330 4884 iam
1349 4828 1401 4882 illa
1419 4828 1502 4882 verba

196 4906 510 4979 ὁπροσδιχθησόμενος
528 4913 582 4966 nst.
602 4910 821 4982 interpretanda.
