3450 5458
265 319 309 383 90
787 318 901 374 nuens
921 319 1060 374 secale

265 489 432 568 tellegitur3
452 488 489 550 ab
509 490 604 549 altera
622 492 708 565 parte
727 489 894 550 sacerdotes
910 489 1079 549 Eleusinios
1099 508 1258 565 omnesque
1277 489 1420 565 antiquae
1437 489 1578 568 religioni

266 587 391 663 deditos,
410 591 445 647 ut
462 589 619 665 principiis
638 587 800 662 obstarent,
819 590 961 648 acerrime
979 590 1130 666 rogationi
1148 605 1329 666 repugnasse
1346 589 1577 647 consentaneum

265 689 311 746 est
333 705 428 762 neque
452 687 582 746 alienum
606 687 698 746 absa
715 687 841 760 ratione,
865 706 924 763 qua
948 707 971 747 c.
987 707 1012 746 a.
1033 688 1098 746 420
1117 685 1265 764 Pelargici
1287 688 1443 761 antiquum
1462 687 1578 746 statum

264 785 464 844 defenderant.
501 785 552 844 Illi
574 789 675 845 tamen
698 785 796 844 nescio
821 803 859 843 an
883 805 918 845 eo
942 804 1059 862 quoque
1082 785 1222 844 commoti
1242 786 1311 858 sint,
1333 785 1410 861 quod
1429 787 1577 860 privatos,

265 886 318 960 qui
341 903 428 961 agros
455 884 537 959 illue,
565 885 627 944 sine
650 883 755 943 frende
778 884 918 960 fortasse,
946 887 1164 960 occupaverant
1187 886 1240 942 aut
1265 915 1302 924 -
1329 883 1360 942 id
1384 885 1483 942 autem
1506 902 1577 962 gra-

264 982 420 1042 vissimum
442 1015 477 1023 -
500 1001 559 1057 eos,
582 985 635 1058 qui
658 982 807 1059 emptione
830 984 868 1042 iis
891 985 1101 1058 successerant,
1124 982 1223 1041 fructu
1247 999 1354 1058 operae
1378 984 1408 1040 et
1430 983 1576 1058 pecuniae

265 1084 457 1157 consumptae
481 1100 602 1158 prorsus
626 1083 740 1158 privari
762 1081 903 1140 nolebant
926 1100 1020 1157 eaque
1044 1080 1079 1138 de
1103 1098 1194 1140 causa
1216 1081 1372 1158 rogatione
1395 1097 1449 1139 sua
1471 1083 1501 1138 et
1519 1100 1575 1157 pn-

263 1177 342 1238 blico
366 1183 396 1239 et
418 1181 538 1256 privato
562 1180 715 1240 commodo
737 1179 966 1256 prospiciebant.

353 1287 389 1346 Id
411 1291 482 1346 utut
505 1307 535 1347 se
557 1287 661 1362 habet,
688 1287 818 1364 populus
841 1306 903 1346 rem
928 1287 1049 1346 oraculo
1072 1285 1222 1363 Apollinis
1246 1284 1467 1344 diiudicandum
1490 1305 1576 1345 man·

265 1385 348 1444 davit
376 1389 406 1444 et
433 1386 580 1464 singulari
609 1385 737 1461 quadam
768 1385 926 1463 diligentia
948 1385 1141 1461 artificiisque
1164 1384 1294 1444 insolitis
1317 1415 1361 1425 -
1384 1384 1472 1442 aliter
1494 1383 1576 1443 enim

265 1483 300 1542 de
323 1485 361 1542 iis
386 1484 540 1543 decernere
564 1503 639 1560 opus
662 1503 721 1544 non
746 1487 874 1542 erat-
892 1504 928 1542 ne
948 1503 1007 1559 qna
1031 1485 1114 1542 fraus
1137 1501 1278 1560 responso
1302 1483 1349 1540 dei
1371 1484 1576 1554 interveniret,

265 1581 403 1657 providit,
428 1587 461 1641 ut
484 1583 553 1642 hinc
577 1601 693 1659 quoque
717 1583 839 1658 eluceat,
864 1586 975 1659 quanto
999 1583 1098 1641 studio
1121 1582 1254 1657 partium
1277 1600 1324 1640 res
1347 1583 1415 1640 aeta
1436 1581 1483 1640 sit.

354 1688 510 1750 Publicam
533 1693 568 1748 ut
590 1692 634 1750 ite
658 1690 754 1750 dicam
773 1689 920 1749 rationem
939 1689 1117 1748 artificiosae
1136 1688 1362 1749 consultationis
1382 1689 1493 1764 optime
1512 1690 1574 1746 iarn

264 1788 393 1847 l'oucart
425 1789 586 1866 explicavit
619 1808 665 1864 ac,
699 1792 881 1865 quantopere
913 1791 944 1846 in
973 1807 1008 1846 ea
1037 1789 1195 1863 appareret
1221 1785 1419 1846 democratiae
1444 1785 1574 1845 Athenis

264 1888 328 1944 tum
351 1889 480 1965 vigentis
508 1890 616 1947 natura
648 1887 825 1963 suspicionis
853 1888 884 1946 in
914 1888 1107 1964 magistratus
1135 1886 1225 1962 plena
1249 1887 1278 1944 et
1302 1886 1447 1962 potestati
1469 1885 1574 1962 populi

264 1985 337 2042 adeo
365 1984 533 2063 indulgens,
561 1988 596 2044 ut
623 1986 786 2062 quemlibet
809 1987 903 2045 civem
926 1985 1035 2062 sigillis
1059 1984 1176 2060 publice
1199 1983 1404 2060 imprimendis
1431 1985 1574 2042 interesse

265 2075 305 2162 (v.
326 2085 369 2143 40
392 2082 657 2163 παρασημανάσθω
682 2080 713 2144 δὲ
736 2081 867 2143 καὶτῶν
890 2080 985 2142 ἄλλων
1006 2077 1178 2160 Ἀθηναίων
1197 2078 1212 2141 d
1236 2073 1430 2163 βουλόμενος)
1454 2083 1575 2158 sineret,

264 2184 387 2240 monuit.
446 2182 491 2242 De
522 2184 575 2258 iis,
608 2201 682 2258 quae
716 2183 753 2241 ad
786 2184 882 2258 ipsam
914 2201 975 2240 rem
1013 2201 1126 2240 sacram
1159 2181 1323 2258 pertinent,
1354 2199 1451 2257 pauca
1486 2179 1573 2239 addo.

263 2280 455 2339 Memorabile
479 2283 558 2339 enim
581 2280 738 2340 discrimen
762 2283 852 2356 extat,
875 2282 907 2339 ni
930 2281 1032 2354 fallor,
1059 2281 1137 2338 inter
1159 2280 1236 2339 hanc
1265 2279 1378 2338 oraculi
1401 2278 1574 2338 consulendi

262 2380 408 2438 rationem
437 2381 467 2438 et
490 2398 565 2454 eam,
589 2399 648 2454 qua
670 2379 731 2438 illis
754 2380 936 2455 temporibus
960 2375 1066 2438 Graeci
1088 2377 1224 2438 solebant
1246 2377 1308 2437 fere
1330 2379 1384 2435 uti.
1431 2374 1574 2435 Solebant

263 2479 342 2536 enim
366 2481 419 2537 aut
442 2497 513 2537 voce
536 2470 647 2559 ipsam)
672 2481 726 2536 aut
748 2477 858 2536 litteris
880 2469 1046 2557 traditis¹¹)
1071 2475 1157 2534 deum
1182 2475 1407 2551 sacerdotesque
1426 2474 1461 2532 de
1483 2473 1573 2534 rebus

263 2575 323 2633 suis
343 2577 504 2652 consulere,
528 2576 599 2636 dens
622 2597 675 2652 per
698 2576 874 2653 prophetam
898 2575 1050 2634 oraculum
1069 2575 1219 2634 reddebat.
1256 2573 1451 2633 Athenienses
1470 2575 1571 2630 autem

262 2676 328 2732 tum
354 2675 615 2753 interrogaverunt
643 2694 713 2734 sane
736 2673 908 2751 Apollinem
935 2693 988 2750 per
1009 2674 1190 2751 legationem
1214 2672 1345 2747 Delphos
1374 2671 1495 2731 missam
1518 2689 1573 2729 nec

262 2775 363 2830 tamen
394 2774 492 2850 ipsam
524 2791 586 2831 rem
620 2791 710 2848 qnam
737 2772 912 2849 spectabant
939 2775 1040 2849 aperte
1067 2771 1345 2848 pronuntiaverunt,
1373 2769 1422 2829 sed
1450 2769 1572 2828 laminis

262 2870 425 2946 implicatis
448 2873 591 2947 urnisque
612 2872 675 2931 illis
701 2873 748 2931 usi
771 2890 824 2948 per
853 2870 992 2949 ambages
1020 2868 1221 2929 sacerdotibus
1244 2867 1397 2944 Delphicis
1420 2886 1513 2944 aeque
1536 2886 1573 2926 ac

262 2969 377 3028 civibus
410 2971 541 3029 munitas
573 2971 724 3029 oraculum
758 2970 971 3030 consuluerunt
1000 2967 1103 3028 conlisi
1129 2966 1243 3026 scilicet
1270 2966 1358 3024 deum
1387 2985 1441 3042 pro
1468 2964 1574 3024 divina

262 3085 316 3126 sua
346 3069 377 3125 vi
407 3085 441 3126 ac
471 3069 620 3144 potestate
657 3069 748 3128 etiam
781 3068 883 3128 abdita
916 3067 1067 3142 oculisque
1098 3064 1274 3124 mortalibus
1306 3064 1423 3123 occulta
1454 3082 1572 3123 cernere

262 3170 353 3240 atque
380 3166 562 3244 intellegere.
610 3167 687 3228 Nolo
718 3168 836 3246 longius
864 3167 895 3224 in
927 3166 983 3224 hac
1010 3184 1042 3224 re
1069 3164 1107 3223 ad
1135 3163 1366 3242 cognoscendam
1391 3161 1572 3222 Graecorum

262 3265 297 3320 de
322 3265 459 3324 oraculis¹
473 3267 642 3340 opinionem
667 3267 843 3343 gravissima
866 3266 1011 3338 insistere,
1033 3263 1064 3322 id
1087 3283 1180 3322 unum
1204 3261 1349 3322 admoneo
1368 3261 1490 3321 eandem
1509 3260 1572 3320 fere

262 3363 431 3439 opinionem
459 3363 577 3438 prodire
609 3365 655 3438 iis,
684 3383 759 3439 quae
791 3363 1004 3423 recentioribus
1037 3380 1107 3420 sane
1139 3359 1322 3435 temporibus
1352 3360 1388 3419 de
1415 3359 1513 3435 Mopsi
1541 3363 1573 3418 et

262 3461 412 3537 Apollinis
436 3459 528 3520 (ilarii
553 3461 680 3540 oraculis
704 3461 874 3520 traduntur.
915 3461 1013 3537 Mopsi
1037 3461 1156 3536 quidem
1181 3459 1334 3518 oraculum
1358 3457 1571 3534 consultantes,

260 3561 420 3635 postquam
445 3562 631 3635 quaestiones
659 3562 691 3618 in
713 3559 833 3620 tabellis
856 3560 1021 3638 obsignatis
1043 3559 1202 3634 inscriptas
1226 3557 1389 3633 prophetae
1417 3555 1572 3631 dederunt,

260 3660 351 3717 noctu
373 3659 403 3716 in
428 3658 540 3734 templo
563 3658 731 3719 incubuisse
754 3661 932 3734 posteroque
956 3658 1004 3717 die
1027 3656 1154 3717 tabellas
1177 3657 1309 3734 integras
1337 3656 1480 3731 recepisse
1503 3655 1570 3713 coll.

262 3753 383 3815 Lucian.
411 3756 598 3834 Philopseud.
624 3757 665 3816 38
698 3761 728 3815 et
759 3756 838 3815 Plut.
866 3756 902 3815 de
935 3756 991 3814 del.
1020 3775 1059 3815 or.
1086 3755 1127 3814 45
1161 3754 1269 3832 colligo
1302 3773 1337 3814 ac
1369 3752 1507 3813 similiter
1539 3755 1571 3810 in

263 3855 383 3914 oraculo
410 3854 560 3931 Apollinis
589 3855 733 3932 Ooropaei
765 3875 827 3914 rem
858 3856 955 3914 aetam
988 3872 1050 3914 esse
1078 3855 1223 3929 suspicor,
1251 3851 1287 3911 cf.
1312 3870 1390 3927 quae
1417 3849 1456 3910 ad
1478 3871 1506 3908 n.
1527 3852 1586 3926 80,

262 3953 398 4027 exposui,
435 3953 485 4012 ubi
513 3952 604 4012 etiam
632 3951 758 4014 Lucieni
787 3957 817 4012 et
845 3953 998 4012 Plutarchi
1028 3952 1201 4012 testimonie
1229 3949 1326 4009 attuli.
1378 3947 1471 4008 Clarii
1499 3968 1571 4008 vero

263 4050 376 4108 oraculi
399 4050 535 4110 sacerdos
560 4047 726 4111 ‘numerum
750 4051 837 4112 modo
861 4051 1094 4111 consultantium
1117 4052 1147 4108 et
1175 4049 1296 4108 nomina
1324 4047 1421 4120 audit3
1449 4050 1514 4105 tum
1538 4049 1571 4106 in

263 4167 382 4225 specum
406 4147 560 4226 degressus
583 4149 690 4210 hausta
713 4150 804 4210 fontis
828 4151 929 4208 arcani
953 4168 1040 4225 aqua,
1063 4150 1184 4226 ignarus
1208 4148 1382 4223 plerumque
1400 4146 1570 4205 litterarum

263 4249 293 4305 et
320 4248 485 4306 omninum
518 4249 579 4307 edit
606 4267 747 4324 responsa
775 4247 907 4308 versibus
940 4247 1111 4322 compositis
1143 4264 1231 4321 snper
1258 4245 1346 4304 rebus
1374 4263 1461 4321 quas
1490 4245 1570 4320 quis

262 4346 378 4402 mente
402 4342 582 4421 concepit’
609 4340 690 4426 (Tac.
711 4366 777 4406 ann.
796 4346 828 4405 Π
848 4338 912 4426 54).

335 4587 378 4643 *lot
402 4585 443 4640 ita
466 4587 565 4655 quinto
585 4592 659 4642 certe
679 4607 702 4642 a.
718 4589 780 4642 Chr.
801 4586 912 4642 saeculo
931 4586 1048 4656 Delphis
1067 4584 1273 4652 consultabant,
1293 4587 1327 4640 cl.
1347 4603 1369 4640 e.
1386 4605 1412 4656 g.
1433 4586 1571 4639 1111111-

264 4665 350 4718 drom.
367 4671 435 4719 1102
455 4658 523 4737 ᾖμεν
543 4667 673 4738 ἐσχάραις
691 4665 717 4722 τ’
734 4667 888 4737 ἐφέσταμεν
908 4669 958 4722 σὺν
978 4665 1135 4734 spreturum
1155 4664 1286 4735 μάντεσίν
1304 4686 1333 4721 τε
1349 4670 1500 4730 Πυθικοῖς·
1520 4664 1573 4720 καί

263 4765 304 4807 τις
322 4742 379 4800 τότ’
401 4741 490 4801 εἶπεν·
511 4742 532 4801 ὦ
551 4745 659 4815 νεανία,
678 4747 704 4802 τί
723 4766 768 4804 σοι
785 4752 846 4822 θεῷ
866 4749 1096 4816 κατενξώμεσθας
1114 4743 1191 4810 τίνος
1210 4743 1286 4815 ἥκεις
1304 4745 1395 4818 χάριν.

334 4837 379 4903 21)
402 4834 479 4890 velut
497 4836 630 4892 Dodonae
649 4841 678 4892 et
693 4836 848 4907 Olympiae,
866 4841 900 4891 ut
917 4840 1035 4907 apparet
1052 4833 1164 4890 laminis
1182 4834 1223 4888 ibi
1241 4835 1374 4905 repertis,
1394 4834 1428 4890 ei.
1444 4833 1573 4906 Lipsius·

264 4912 436 4970 Schoemann
458 4917 562 4973 Griech.
578 4919 674 4974 ⁴lllert.
693 4917 719 4970 Π
736 4936 763 4988 p.
780 4923 831 4971 336
838 4935 877 4987 sq.
