3424 5462
660 325 865 383 DELPHIGAE
884 348 910 382 n.
927 336 959 384 76

206 510 255 568 γει
278 490 300 555 d
323 491 355 556 ἐξ
378 490 583 571 ἱπποδρόμου
607 489 628 556 ἅ
651 493 733 558 ξενὶτ
757 489 809 577 dl)
833 493 885 558 ἐπὶ
908 495 945 559 τὸ
969 491 1079 576 ll⁴)—
1103 532 1147 541 —
1174 517 1266 574 -γα

151 613 186 662 so
207 602 276 663 roric
299 598 398 677 ἱεραῑ(
423 599 511 679 βόοιτ
534 598 585 663 καὶ
607 597 719 664 ἵπποι(
742 599 823 664 ἔττω
846 621 964 665 ποτ-
988 639 1028 646 -
1053 639 1097 647 -

207 705 362 780 ποτάγειν
386 705 592 788 τὰ,ἰδιιιιτικὰ
614 707 778 786 θρέμματα
801 705 852 791 [ἐν
875 707 935 771 τὰν
959 711 1101 785 κράνανδ

208 813 267 878 τὰν
290 813 366 877 ποτὶ
388 815 440 877 τ6ιι
464 812 630 892 Κεραμείαι
654 811 753 878 οὔταν
777 834 869 878 το-
894 809 970 895 -⁵)

207 919 392 984 Ἑλλανίκου
415 918 550 998 ἡρώιου·
574 919 601 984 εἰ
625 920 730 984 δέτι(
755 920 806 985 ἐπὶ
830 925 936 986 ξεν-
961 958 1003 967 -

214 1075 511 1089 ..............
543 1026 655 1102 τόπωι,
680 1025 824 1091 ἐξουιίαν
848 1025 951 1111 ε[ῐμεν
975 1031 1031 1091 τῶι

151 1148 187 1198 30
207 1133 347 1198 θέλοντι·
370 1131 511 1212 ἀναγρά-

207 1260 267 1318 ψαι
291 1241 327 1304 δὲ
350 1240 388 1304 τὰ
407 1241 512 1319 δόγμα
531 1241 607 1304 τοὺς

208 1345 369 1426 ἄρχοντα(
391 1351 457 1411 τῶν
481 1349 626 1427 Δελφῶν

208 1454 243 1518 ἐν
266 1457 324 1518 τῶι
350 1453 447 1533 ἱερῶι.

241 1573 402 1634 Decretum
425 1573 671 1650 Amphictionum
694 1575 765 1634 anni
788 1575 938 1636 archontis
957 1575 1083 1636 Praxiae
1105 1577 1125 1635 i.
1141 1597 1165 1635 e.
1185 1597 1210 1636 a.
1227 1576 1293 1636 Chr.
1313 1598 1341 1636 n.
1359 1573 1463 1658 178l7.

153 1671 276 1731 Summa
300 1673 476 1750 argumenti,
505 1690 582 1748 quae
605 1691 632 1732 v.
654 1675 784 1732 19-24
808 1676 986 1748 continetur,
1009 1677 1114 1751 aperta
1137 1678 1194 1735 est:
1223 1694 1292 1752 pars
1317 1676 1464 1753 quaedam

151 1773 250 1830 terrae
278 1788 379 1830 sacrae
407 1772 544 1830 accurate
576 1770 700 1831 delinita
726 1770 820 1831 bobus
848 1772 991 1848 equisque
1018 1775 1110 1832 sacris
1144 1773 1182 1831 ad
1209 1774 1391 1850 pascendum
1419 1793 1463 1834 re·

153 1871 298 1930 servatur.
335 1869 381 1928 De
404 1887 438 1928 eo
463 1868 543 1945 quod
566 1868 686 1928 additur
703 1873 862 1946 praecepto
881 1890 908 1929 v.
925 1870 1054 1930 26-29
1075 1870 1207 1930 dubitari
1225 1874 1332 1947 potest.
1369 1872 1406 1930 V.
1423 1873 1462 1932 26

153 1969 296 2044 quoniam
329 1964 364 2026 τὰ
396 1964 530 2028 ἰδιωτικὰ
561 1971 610 2046 op.
638 1967 751 2046 legitur
782 1971 812 2027 et
843 1967 975 2028 locorum
1002 1971 1114 2028 mentio
1142 1969 1344 2046 subsequitur,
1376 1971 1465 2031 facile

153 2065 301 2126 conicitur
323 2066 466 2142 praecipi,
489 2085 549 2142 qua
572 2067 692 2142 privata
715 2083 823 2142 pecora
846 2085 933 2144 agere
955 2065 1001 2127 ias
1024 2067 1073 2142 sii,
1097 2071 1128 2126 et
1150 2068 1243 2127 talem
1265 2068 1327 2128 fere
1349 2070 1381 2127 in
1402 2087 1465 2128 mo-

153 2163 225 2224 dum
247 2163 303 2223 boc
325 2166 519 2240 praeceptum
542 2181 609 2222 cum
633 2163 785 2240 superiore
808 2163 1045 2242 coniungendam
1076 2182 1151 2224 esse:
1181 2163 1230 2224 καὶ
1254 2164 1294 2244 μὴ
1318 2161 1464 2246 ἐνταῦθα]

153 2260 292 2342 ποτὰγειν
311 2259 346 2320 τὰ
369 2259 502 2322 ἰδιωτικὰ
524 2258 680 2341 θρέμματα
703 2256 796 2340 [πλὴν
814 2257 862 2321 ἐπὶ
880 2259 935 2320 τὰν
957 2255 1011 2340 -]
1030 2258 1083 2320 τὰν
1102 2259 1170 2322 ποτὰ
1188 2283 1211 2322 τ.
1225 2284 1251 2321 κ.
1267 2253 1375 2323 odeum
1407 2263 1465 2324 Sed

153 2361 272 2420 diversa
300 2361 431 2436 suspicio
458 2360 533 2418 mihi
559 2362 697 2419 movetur
723 2359 779 2419 boc
805 2361 872 2436 ipso
899 2361 1060 2436 participio
1089 2350 1193 2438 οὖσαν,
1222 2361 1303 2436 quod
1330 2362 1368 2421 ad
1397 2362 1465 2422 sub·

152 2459 319 2519 stuntivum
342 2454 414 2519 ὁδόν
437 2457 542 2516 referri
564 2459 677 2534 nequit,
702 2459 773 2533 quia
792 2459 824 2515 in
847 2458 903 2516 hoc
925 2458 1016 2516 titulo
1040 2454 1110 2530 ὁδὸς
1132 2454 1246 2538 dycaeo
1265 2458 1382 2519 dicitur.
1421 2459 1465 2518 Ae

153 2574 190 2615 ne
213 2556 307 2616 saltus
331 2548 438 2637 (νὰπα)
463 2555 595 2631 quidem,
623 2556 659 2615 de
682 2574 741 2633 quo
765 2555 837 2615 olim
860 2557 1006 2633 cogitari,
1035 2556 1133 2615 verbis
1156 2553 1211 2615 τὰν
1233 2554 1301 2616 ποτὰ
1324 2562 1360 2640 τᾷ
1382 2578 1465 2636 κερα-

153 2653 220 2737 μείρ
243 2644 338 2715 οὖσαν
362 2656 431 2731 apte
455 2653 602 2712 definitur.
643 2652 755 2713 Contra
778 2656 933 2730 aptissime
956 2653 1023 2713 lons
1045 2655 1090 2713 ita
1114 2655 1162 2713 vel
1184 2657 1292 2730 puteus
1317 2655 1466 2728 definitur,

154 2771 247 2829 quare
274 2752 473 2829 supplendum
499 2753 635 2828 suspicor
661 2749 694 2812 ἐν
716 2749 770 2812 τὰν
793 2745 921 2831 κράναν]
950 2749 1004 2811 τὰν
1030 2747 1098 2812 πατὰ
1120 2772 1144 2811 τ.
1164 2773 1190 2812 κ.
1214 2742 1309 2812 οὖσαν
1332 2754 1362 2812 et
1389 2752 1466 2812 hano

152 2868 216 2911 esse
239 2852 386 2910 rationem
408 2850 570 2927 praecepti,
593 2853 628 2909 ut
651 2850 687 2909 de
711 2867 791 2926 aqua
814 2852 916 2926 pecori
938 2849 1050 2909 utenda
1073 2852 1223 2909 caveatur.
1259 2849 1333 2908 Iude
1351 2849 1466 2910 duobus

153 2949 251 3008 modis
279 2966 405 3008 conexus
433 2949 553 3008 restitui
580 2949 692 3023 potest:
725 2951 778 3007 aut
801 2969 828 3008 v.
849 2948 890 3006 26
916 2952 945 3007 et
969 2949 1010 3007 27
1040 2949 1067 3006 is
1095 2947 1161 3007 fons
1185 2947 1370 3024 significatus
1393 2953 1466 3020 erat,

154 3067 212 3124 quo
236 3048 358 3123 privata
379 3064 487 3122 peoora
510 3045 655 3105 adducere
678 3047 790 3120 liceret,
813 3049 844 3104 et
866 3064 956 3122 supra
976 3065 1004 3104 v.
1025 3047 1067 3104 24
1078 3049 1151 3105 extr.
1171 3049 1201 3104 et
1221 3047 1262 3104 26
1282 3047 1350 3106 fons
1371 3046 1466 3106 bobus

153 3145 298 3223 equisque
322 3147 414 3206 sacris
442 3143 650 3219 reservandus,
678 3146 731 3202 aut
753 3144 872 3203 demum
895 3163 923 3203 v.
944 3145 983 3203 26
996 3163 1038 3220 sq.
1062 3145 1099 3203 de
1126 3144 1183 3203 tali
1205 3144 1288 3203 fonte
1311 3146 1413 3222 agitur
1435 3147 1466 3203 et

154 3243 343 3304 scribendum
375 3247 421 3303 est
452 3239 502 3301 καὶ
534 3241 574 3319 μὴ
603 3235 749 3321 ἐνταῦθα]
777 3240 915 3320 ποτὰγειν
942 3239 978 3301 τὰ
1005 3239 1137 3302 ἰδιωτικὰ
1165 3244 1215 3320 op.
1239 3235 1325 3320 [μηδ’
1351 3239 1383 3302 ἒν
1412 3239 1466 3300 τὰν

154 3334 283 3421 κράναν]
306 3339 360 3400 τὰν
383 3337 450 3401 ποτὶ
473 3343 531 3400 κτλ.
567 3339 647 3398 Illud
671 3342 769 3399 neseio
793 3359 830 3398 an
849 3341 923 3416 ipsis
942 3340 1078 3417 reliquiis
1097 3339 1210 3418 lapidis
1229 3338 1466 3414 commendetur,

155 3457 225 3500 nam
248 3459 275 3498 v.
296 3441 338 3497 24
349 3443 421 3498 extr.
445 3440 475 3496 in
499 3435 600 3515 lapide
623 3439 796 3515 agnoscitur
822 3429 896 3512 ΙΙΑ,
921 3437 954 3496 id
975 3437 1056 3514 quod
1079 3438 1115 3496 de
1137 3460 1176 3497 να
1199 3439 1410 3514 potiusquam
1431 3437 1466 3496 de

154 3561 194 3616 ην
222 3555 376 3614 superesse
404 3535 529 3596 videtur.
577 3533 654 3605 Quid
681 3537 784 3613 igitur,
816 3536 843 3596 si
872 3535 920 3595 bio
949 3530 1060 3616 κρὰ]να
1082 3535 1130 3595 vel
1158 3529 1205 3615 [ἐκ
1232 3543 1283 3606 τὰς
1311 3529 1466 3615 κρά]να[ς]

154 3639 300 3712 seriptum
322 3635 381 3694 fuit
404 3637 434 3694 et
456 3655 483 3694 τ.
504 3635 544 3693 26
574 3635 696 3692 minime
723 3633 906 3709 praepositio
934 3631 1015 3708 ποτί,
1043 3631 1094 3692 sed
1116 3627 1272 3713 ποτ[ίστρα
1295 3633 1343 3692 vel
1370 3635 1467 3693 simile

157 3733 289 3795 eiusdem
312 3733 414 3809 stirpis
436 3731 615 3792 vocabulum
637 3729 733 3792 latet?
770 3732 920 3790 Nimirum
944 3733 1113 3791 coniectura
1136 3731 1209 3792 satis
1232 3731 1347 3791 ineerta
1370 3733 1469 3791 estet

156 3833 266 3909 positio
285 3831 369 3891 verbi
387 3829 459 3891 ἔστω
478 3831 527 3890 vel
544 3829 701 3906 paululum
719 3832 876 3908 repugnat,
893 3848 941 3889 res
959 3831 1025 3906 ipsa
1044 3833 1145 3889 tamen
1163 3829 1253 3889 titulo
1272 3831 1334 3889 eius
1352 3831 1467 3908 generis

156 3929 314 4008 aptissima
337 3932 390 4003 est,
413 3931 450 3988 cf.
474 3949 501 3988 n.
523 3930 586 3988 117
610 3948 637 3987 v.
658 3929 697 3986 21
725 3945 793 3986 oum
817 3947 921 3987 comm.

246 4027 283 4086 V.
304 4027 344 4087 28
355 4045 398 4103 sq.
420 4027 457 4086 de
479 4028 704 4105 peregrinorum
726 4026 775 4086 vel
797 4026 956 4105 privilegio
980 4025 1029 4084 vel
1050 4043 1147 4102 poena
1170 4030 1363 4102 praeceptum
1386 4024 1467 4084 vide-

155 4130 215 4200 tur,
239 4126 276 4185 of.
299 4145 327 4184 n.
348 4125 389 4184 62
413 4143 440 4184 v.
463 4128 557 4201 llsq.
576 4125 607 4185 et
629 4145 657 4182 n.
679 4125 729 4184 96.

246 4279 273 4347 3)
301 4277 448 4331 ΑΞΕΝΙΣΑ
476 4276 549 4346 lapis
578 4276 733 4331 secundum
756 4276 799 4344 λῖς
827 4275 915 4331 Baun.
935 4275 1064 4345 dosera
1091 4275 1163 4348 legit
1187 4275 1344 4330 mutatione
1367 4293 1467 4345 pamm

156 4357 310 4428 probabili,
338 4356 549 4412 beronicem
576 4357 697 4412 traditas
725 4373 837 4411 servans
861 4355 880 4410 ὰ
903 4356 977 4422 §acle
999 4355 1018 4410 ὰ
1041 4355 1125 4427 legit,
1150 4355 1181 4409 id
1211 4355 1287 4423 quod
1310 4354 1468 4410 confirmari

156 4440 252 4590 ρῦρδορδ
264 4437 407 4588 1ρῗοιιιρλο
434 4437 514 4492 tituli
535 4436 682 4492 Halaesini
704 4438 725 4490 Ι
728 4437 754 4492 G
777 4435 841 4491 XIV
860 4442 912 4491 362
930 4455 954 4492 v.
972 4443 1004 4491 16
1031 4435 1088 4490 dab
1111 4443 1162 4499 τὰς
1190 4433 1258 4490 δδαῦ
1286 4442 1337 4498 τᾶς
1359 4432 1468 4500 {auidos

248 4602 275 4670 4)
303 4597 350 4653 ἐτιλ
367 4597 399 4653 τὰ
413 4594 558 4670 ’Ἆ[στνρον
576 4597 654 4652 haud
672 4595 899 4667 improbabiliter
917 4597 1005 4652 Baun.

247 4683 275 4748 6)
302 4678 406 4734 licetne
427 4694 545 4749 pergere
566 4677 670 4732 lacuna
692 4677 857 4732 brevissima
875 4675 1031 4732 constituta
1053 4676 1128 4748 το[6]
1145 4673 1327 4746 ΙἙλλανίκον
1346 4675 1468 4745 bodico?

157 4759 332 4815 Postremam
350 4761 461 4830 partem
479 4758 672 4828 inscriptionis
689 4757 816 4813 versibus
835 4757 920 4812 tertia
938 4756 997 4812 fere
1015 4759 1096 4826 parte
1115 4754 1289 4810 brevioribus
1303 4755 1468 4825 inscriptam

158 4855 219 4894 esse
236 4840 364 4894 Pomtow
382 4839 491 4894 indicat
509 4838 538 4892 in
557 4841 709 4910 conspectu
732 4838 805 4892 muri
828 4837 984 4906 delineatc,
1007 4837 1056 4890 sed
1076 4852 1167 4904 aquo
1190 4836 1369 4905 potissimum
1387 4851 1469 4890 versu

158 4919 229 4976 haec
248 4936 313 4992 pars
332 4919 465 4989 incipiat,
489 4936 589 4990 parum
609 4921 732 4987 constat,
756 4918 791 4975 ef.
811 4934 884 4988 quae
903 4919 938 4973 de
956 4918 1010 4971 hac
1028 4933 1058 4972 re
1082 4915 1239 4986 disputavit
1257 4915 1344 4969 Baun.
1363 4934 1390 4984 p.
1407 4920 1467 4968 717.
