3424 5462
658 349 863 405 DELPHICAE
882 368 909 404 n.
926 355 959 404 74
1397 351 1462 416 219

147 522 178 578 et
202 511 403 600 Hel.1404);
431 515 480 579 bie
506 521 608 578 tamen
631 521 677 579 vis
700 518 783 578 verbi
810 519 902 578 latius
926 522 1023 594 patet,
1051 521 1085 577 ut
1108 521 1222 594 omnia,
1250 539 1327 596 quae
1351 523 1463 579 mortui

147 618 248 696 gratia
270 618 302 675 in
325 616 428 676 tinere
451 616 536 690 fiunt,
559 609 747 698 dieantur.¹⁰)
784 616 994 694 Labyadarum
1019 620 1121 676 eutem
1144 621 1304 693 praecepta
1328 637 1363 676 ex
1384 637 1462 678 eom·

147 717 230 774 muni
259 716 450 790 antiquitatis
477 716 594 774 ratione
622 715 661 773 ad
688 715 881 774 minuendum
909 718 1060 790 sumptum
1083 713 1237 774 funebrem
1260 719 1290 774 et
1317 716 1461 776 lamenta·

147 812 259 872 tionem
292 814 451 889 pertinent.
502 813 546 872 Ae
576 813 705 889 primum
743 813 863 890 quidem
894 814 991 889 pretio
1028 831 1128 872 rerum
1159 813 1191 870 in
1223 813 1359 889 sepulcro
1394 833 1462 873 oon-

147 910 280 970 ditarum
312 909 416 970 modus
449 911 656 986 constituitur3
687 911 785 970 verbis
818 913 897 970 enim
929 909 969 988 μὴ
998 907 1087 970 πλέον
1114 906 1198 970 πέντε
1230 908 1280 970 καί
1307 909 1462 991 τρίακοντα

148 1007 282 1088 δραχμᾶν
305 1027 366 1068 non
389 1027 525 1069 nummos
548 1011 638 1085 ipsos
662 1009 714 1068 sed
736 1027 783 1068 res
806 1009 861 1068 boe
885 1010 982 1084 pretio
1001 1008 1121 1068 venales
1129 999 1167 1089 11)
1191 1007 1250 1068 diei
1269 1008 1461 1084 sequentibus

147 1105 219 1183 μήτε
238 1105 403 1186 πριάμενον
420 1105 491 1183 μήτε
504 1099 647 1188 fotaess)
666 1107 895 1166 demonstratur.
927 1106 1042 1165 Deinde
1061 1107 1306 1166 vestimentorum
1325 1109 1461 1183 sumptus

146 1207 337 1264 extenuatur:
365 1207 468 1284 χλαῖνα
493 1207 593 1264 autem
621 1204 674 1265 illa
702 1197 866 1286 aegeum),
894 1203 931 1264 de
959 1205 1041 1264 euius
1065 1204 1162 1264 colore
1189 1204 1370 1280 leucophaeo
1393 1225 1419 1262 v.
1441 1207 1459 1265 6

146 1303 340 1379 praecipitur,
363 1303 462 1362 locum
485 1304 586 1362 tenere
609 1302 728 1362 videtur
751 1305 781 1361 et
802 1301 922 1361 tunieae
945 1304 976 1361 et
997 1303 1161 1378 tegumenti
1182 1302 1277 1376 lintei,
1301 1303 1381 1378 quod
1399 1302 1460 1363 Ho-

145 1417 245 1460 merus
268 1407 365 1478 φᾶρος
389 1392 433 1480 (Σ
451 1401 524 1473 353,
547 1400 579 1460 Ω
599 1393 687 1481 588),
710 1401 843 1460 Iulenses
867 1391 908 1481 (n.
926 1391 983 1480 93)
1006 1397 1153 1478 ἐπίβλημα
1176 1401 1332 1461 vocabant
1370 1399 1460 1461 Onius
1536 1449 1539 1458 ,

145 1499 260 1558 mentio
283 1501 362 1558 eerte
386 1497 477 1572 deest,
500 1518 570 1558 nam
594 1498 673 1574 quod
690 1518 718 1557 v.
735 1501 776 1558 14
800 1497 956 1558 defunctus
978 1495 1199 1576 κεκαλυμμένος
1217 1498 1315 1558 efferri
1332 1498 1460 1572 iubetur,
1528 1557 1531 1566 ,

146 1595 391 1673 distinguendum
415 1598 487 1671 puto
511 1596 634 1674 longum
656 1598 876 1671 vestimentum,
899 1615 957 1672 quo
976 1596 1087 1656 mortui
1107 1613 1212 1672 eorpus
1231 1599 1352 1672 praeter
1369 1600 1461 1675 eaput

141 1694 319 1770 plerumque
346 1694 568 1770 implicabatur,
600 1713 619 1753 a
646 1695 752 1770 linteo,
786 1713 845 1770 quo
872 1697 971 1755 toturn
998 1695 1108 1754 lentum
1139 1696 1172 1753 in
1199 1713 1310 1771 pompa
1341 1694 1460 1754 funebri

141 1784 367 1872 operiebant.¹⁴)
408 1793 513 1868 Neque
536 1792 707 1852 inauditum
730 1796 796 1853 erat
818 1811 943 1868 corpora
965 1791 1029 1852 eine
1053 1791 1230 1869 epiblemate
1253 1793 1307 1853 illo
1331 1793 1460 1868 sepeliri,

140 1889 166 1948 ei
191 1889 313 1965 quidem
335 1891 368 1947 in
391 1890 522 1950 vasculis
546 1889 584 1948 ad
611 1890 740 1966 Dipylon
767 1889 897 1950 inventis
925 1891 1037 1950 mortni
1060 1889 1234 1966 plerumque
1262 1889 1336 1950 nudi
1357 1890 1458 1950 viden-

139 1990 201 2062 tur,
221 1987 299 2046 unde
321 2006 370 2047 eos
388 1989 492 2047 tunica
510 1990 640 2048 caruisse
658 2007 718 2048 non
737 1989 881 2064 sequitur,
900 1987 1079 2065 epiblemate
1098 1980 1283 2068 aequumst)
1319 1986 1459 2049 Ceterum

139 2085 230 2145 huius
258 2085 332 2162 legis
364 2087 512 2145 rationem
540 2104 599 2146 non
626 2089 690 2146 tam
719 2104 783 2145 eam
813 2104 876 2147 esse
903 2105 1022 2160 moneo,
1054 2089 1089 2144 ut
1116 2086 1252 2165 legitime
1280 2088 1459 2147 vestimento

141 2187 367 2260 enumerentur,
396 2203 487 2259 quam
515 2203 595 2260 eam,
622 2203 659 2243 ne
681 2183 842 2261 Labyadae
871 2185 1000 2261 amplius
1027 2185 1147 2263 singula
1176 2185 1318 2260 cuiusque
1342 2187 1458 2263 generis

141 2281 305 2341 adhibeant
323 2278 376 2360 (ἓν
396 2289 523 2362 στρῶμα,
546 2279 586 2342 ἓν
603 2274 842 2362 ντοικεφοίλαιον).
854 2275 893 2364 16)
930 2282 1091 2341 Pulvinum
1108 2284 1141 2340 in
1159 2283 1224 2358 lege
1243 2281 1356 2342 lulensi
1373 2301 1402 2340 n.
1414 2284 1454 2342 93

140 2398 200 2438 non
224 2381 482 2454 commemoratur,
506 2379 557 2440 sed
580 2399 667 2440 usum
690 2382 753 2440 eius
776 2383 808 2438 in
832 2379 985 2439 frmeribue
1004 2379 1161 2458 vulgatum
1179 2380 1280 2454 fuisse,
1304 2384 1338 2440 ut
1355 2399 1409 2457 per
1427 2399 1457 2440 se

139 2481 373 2536 consentaneum
396 2480 454 2552 est,
475 2480 521 2536 ita
545 2496 613 2537 eum
640 2477 746 2554 Lysias
771 2472 844 2558 (XII
864 2471 919 2558 18)
947 2481 1013 2538 tum
1040 2479 1114 2538 artis
1142 2478 1326 2538 vaseulariae
1354 2497 1458 2537 monu-

139 2567 288 2654 ment-aff)
312 2577 476 2650 testentur,
507 2575 586 2635 inter
617 2594 694 2652 qnae
726 2595 763 2635 ne
790 2575 927 2636 binorum
956 2574 1076 2652 quidem
1104 2577 1295 2652 pulvinorum
1323 2577 1457 2652 exempla

139 2664 300 2752 desunt.¹⁸)

226 2769 263 2828 V.
276 2771 387 2846 lbsqq.
402 2772 495 2830 nimia
509 2771 686 2832 lamentatio
700 2771 833 2832 funebris
847 2772 966 2830 tollitur
979 2764 1029 2853 (ef.
1040 2790 1118 2848 quae
1133 2772 1171 2831 ad
1186 2793 1214 2830 n.
1226 2773 1266 2831 93
1282 2791 1310 2848 p.
1323 2772 1384 2831 261
1393 2790 1457 2848 sqq.

140 2864 254 2944 attuli).
292 2868 327 2925 V.
350 2870 391 2926 14
415 2871 582 2944 quaedum,
610 2870 683 2946 quid
710 2869 751 2929 eit
777 2865 810 2928 ἐν
832 2873 896 2940 ταῖς
923 2873 1074 2947 στροφαῖς.
1120 2868 1207 2929 Hom.
1232 2869 1312 2947 quod
1339 2872 1457 2929 cantica

140 2965 266 3025 alternis
285 2965 407 3026 voeibus
426 2967 552 3026 recitata
575 2967 635 3026 diei
653 2969 885 3042 existimaverat,
908 2969 1013 3044 utique
1032 2969 1152 3041 erravit,
1176 2968 1316 3043 quoniam
1337 2967 1456 3028 silentio

138 3061 255 3142 ἐκφορὰ
278 3063 376 3124 fiebat.
423 3063 565 3125 Baunaok
593 3066 822 3142 interpretatur:
850 3065 989 3124 wdlrreud
1018 3065 1070 3124 der
1092 3064 1293 3139 Αλιλόοακροκ,
1322 3065 1374 3124 der
1395 3063 1457 3128 Ab·

138 3162 340 3236 weebelrmyerr
367 3163 418 3222 der
443 3163 564 3238 Trd'per,
596 3162 628 3222 id
656 3161 735 3239 quod
762 3167 864 3224 tamen
891 3164 974 3222 nullo
1002 3163 1089 3224 modo
1113 3163 1181 3223 voei
1211 3161 1339 3242 στροφαί
1360 3165 1456 3222 inesse

142 3382 286 3454 ἐνταφίων
304 3401 393 3456 genua
408 3385 490 3440 affert
504 3385 657 3455 respieiene
671 3388 769 3454 aperte
783 3385 864 3441 Hom.
880 3387 898 3457 β
910 3391 952 3450 99,
971 3384 1020 3438 ubi
1034 3385 1157 3454 ταφήϊον
1171 3387 1277 3440 vestem
1292 3401 1352 3440 eeae
1368 3385 1454 3439 Banu.

142 3468 221 3520 reete
239 3467 357 3520 monuit.
394 3465 517 3520 Peounia
535 3465 705 3520 funeratioia
722 3465 765 3520 ita
783 3465 840 3520 dici
859 3466 971 3520 videtur
987 3464 1062 3520 Plut.
1077 3466 1161 3520 Arist.
1177 3471 1209 3520 27
1221 3465 1259 3521 in.

215 3547 258 3615 10)
287 3545 419 3600 similiter
436 3545 510 3601 Plut.
525 3549 603 3604 Aem,
618 3545 689 3599 Paul
708 3551 742 3600 39
765 3555 824 3608 τοῖς
848 3543 972 3613 ἀρίστοις
989 3547 1037 3600 καί
1056 3544 1279 3615 μακαριωτάτοις
1298 3543 1454 3614 ἐνταφίοις·

139 3633 231 3680 ταῦτα
259 3621 288 3680 δ’
310 3621 345 3694 ἧν
369 3626 403 3681 οὐ
421 3626 522 3697 χρυσὸς
541 3623 604 3680 οὐδ’
627 3623 728 3696 ἐλέφας
748 3623 810 3682 οὐδ’
832 3626 849 3695 ο)
873 3626 956 3696 λοιττὴ
981 3623 1125 3694 φιλοτιμία
1148 3626 1197 3679 καλ
1220 3622 1384 3680 πολυτέλεια
1406 3632 1456 3694 τῆς

139 3713 321 3772 παρασκευῆς
339 3708 395 3760 κτλ.
589 3719 594 3730 ’
687 3759 688 3762 ,

215 3788 258 3856 11)
286 3786 516 3841 vestimentorum
535 3786 626 3841 solum
645 3787 768 3856 pretium
787 3785 843 3841 diei
862 3789 946 3855 putat
960 3783 1262 3855 Lipsius-Sehoemann
1278 3785 1385 3841 Gr‘ieob
1396 3787 1454 3841 Ab.

139 3865 166 3920 11
185 3883 211 3935 p.
229 3871 280 3920 595
299 3869 357 3921 not.
373 3872 397 3934 1,
416 3867 462 3920 vix
480 3868 564 3921 reete.

214 3948 258 4017 12)
286 3945 441 4001 ablativum
456 3945 593 4001 Graecum
611 3947 664 4002 bae
684 3947 774 4001 forma
792 3945 882 4002 teneri
902 3948 983 4001 acute
1003 3947 1104 4001 statuit
1120 3944 1246 4000 Solmeen
1261 3945 1360 4002 noete.
1378 3947 1453 4002 Mur.

140 4025 176 4079 LI
195 4044 222 4095 p.
238 4031 298 4080 303.

214 4110 258 4176 13)
286 4106 304 4160 i.
319 4122 343 4160 e.
362 4124 466 4173 οταοοα,
483 4110 516 4162 nt
534 4111 609 4162 reete
626 4106 731 4177 Helbig
750 4107 860 4162 Homer.
876 4106 1204 4178 Βτοτοίλακρορτίνᾶκσίιτ
1218 4107 1411 4178 (Sitruageber.
1427 4105 1452 4159 d.

141 4187 244 4258 Baper.
261 4187 312 4242 Ale.
334 4189 413 4256 1900)
432 4205 459 4257 p.
476 4193 527 4241 213
546 4187 747 4257 interpretatus
766 4189 821 4252 eet;
845 4202 900 4254 quo
924 4185 985 4239 iure
1003 4185 1092 4240 Baun.
1111 4185 1164 4241 hoo
1188 4185 1328 4240 adieetivo
1347 4185 1455 4240 medio·

141 4283 217 4321 erem
236 4283 269 4322 ae
289 4266 372 4322 vilem
391 4270 497 4322 vestem
517 4267 670 4338 significari
688 4269 778 4338 putet,
798 4267 900 4322 nescio.

215 4358 258 4425 14)
288 4355 323 4410 of.
342 4371 416 4425 quae
434 4375 462 4427 p.
478 4357 557 4428 ²⁶²l3
577 4357 614 4410 ad
633 4374 659 4410 n.
675 4362 709 4412 03
729 4356 821 4411 eueni.
1027 4357 1069 4424 15)
1096 4355 1131 4409 of.
1151 4355 1256 4425 Helbig
1273 4354 1292 4409 l.
1308 4373 1330 4410 o.
1349 4374 1377 4426 p.
1393 4361 1454 4409 211.

214 4438 258 4506 16)
285 4453 320 4490 ne
348 4436 378 4490 id
406 4437 522 4505 quidem
544 4437 752 4508 neglegendum
773 4439 893 4508 χλαῖναν
916 4437 1069 4505 separatim
1092 4436 1209 4490 tractari
1233 4451 1249 4487 a
1273 4435 1399 4505 stragulo
1425 4438 1454 4490 et

139 4515 269 4587 pulvino;
297 4517 420 4585 primum
443 4517 519 4570 enim
540 4519 736 4588 praeceptum,
764 4517 794 4570 in
818 4533 873 4585 quo
899 4519 1000 4588 χλαῖνα
1023 4516 1155 4582 occurrit,
1181 4516 1279 4570 finitur
1302 4515 1385 4570 verbo
1409 4515 1454 4570 ἐν·

139 4596 229 4666 θέμεν
247 4614 271 4650 v.
288 4603 329 4650 11.
1080 4601 1084 4608 '

213 4688 257 4756 1⁷)
285 4700 308 4740 e.
323 4703 350 4756 g.
371 4702 419 4740 τοι
436 4687 511 4740 inter
528 4703 629 4742 novem
646 4685 782 4756 loquor,
802 4701 871 4755 qnos
891 4684 1007 4754 collegit
1022 4683 1131 4739 Pottier
1150 4671 1243 4739 Etade
1260 4702 1310 4740 ουν
1328 4685 1366 4739 les
1385 4685 1452 4755 λέομ-

139 4767 196 4822 uer
214 4766 310 4822 οιακα
328 4768 444 4836 aerque
464 4771 532 4822 rese
550 4784 579 4837 p.
596 4772 690 4821 τ-ττ.

212 4857 256 4922 18)
285 4854 340 4909 vid.
360 4854 468 4910 Pottier
492 4855 511 4910 1.
527 4871 549 4910 e.
574 4862 631 4910 n.1
658 4859 688 4910 et
709 4861 739 4920 4,
769 4855 962 4926 suevengler
985 4855 1095 4910 Beeetr.
1114 4853 1141 4909 d.
1161 4854 1236 4908 Berl.
1258 4854 1452 4908 Vaeeneommt.

140 4952 166 4989 n.
184 4939 252 4990 τισι
272 4953 299 5005 p.
316 4941 375 4990 eva.
