3434 5464
273 311 338 376 296
784 309 899 366 Ladas
919 309 1059 366 SACRAE

272 481 328 540 hac
347 480 418 540 aede
437 482 549 556 ulatur,
567 483 696 540 cavetur.
729 479 948 558 Argumentum
966 479 1005 538 ad
1022 496 1211 556 progressum
1228 498 1328 538 rerum
1346 495 1413 536 cum
1430 497 1584 538 sacrarum

272 582 336 638 tum
364 573 552 654 publicarum
579 580 790 656 gravissimum
817 579 936 656 egregie
963 579 1176 652 interpretatus
1204 579 1249 636 est
1276 576 1452 651 liudolphus
1483 573 1584 634 Sehsil

272 676 523 753 praecipuumque
546 675 696 751 quoddam
717 678 765 736 ius
788 675 971 734 familiarum
994 677 1187 751 patriciarum
1211 673 1257 733 his
1280 673 1405 732 decretis
1429 673 1497 732 tolli
1518 692 1584 749 pem

273 773 382 850 spexit:
413 774 553 833 Phrelria
576 774 655 832 enim
679 771 866 851 Olyiidarum
889 775 967 833 sicul
993 791 1094 831 omnes
1120 772 1273 848 phratrias
1297 771 1457 832 artificioso
1481 771 1583 847 potius
1682 763 1683 766 ’

274 891 364 947 quam
386 871 519 931 nonnuli
540 871 659 930 vinculo
683 873 842 930 coniuncte
869 874 899 930 cl
921 875 1024 950 gentes
1047 871 1162 946 aliquoi
1185 871 1324 947 antiquas
1350 873 1380 928 et
1402 871 1482 928 cives
1507 869 1582 928 elios

272 969 402 1047 plebeios
426 971 606 1046 conscriptos
629 968 905 1046 comprehendebat.
943 967 1033 1028 Sacra
1056 969 1120 1043 illa,
1142 967 1178 1027 de
1202 968 1308 1044 quibus
1330 967 1439 1045 egitiir,
1461 969 1584 1043 proprie

272 1066 427 1146 gentilicia
445 1067 564 1125 fuerant
582 1070 681 1142 atque,
699 1067 818 1127 etiamsi
836 1067 989 1143 phraleres
1007 1066 1105 1142 plebei
1123 1067 1155 1124 in
1173 1067 1346 1127 societatem
1364 1084 1468 1126 eorum
1482 1065 1585 1125 vocali

273 1155 391 1238 eranl⁶l
416 1168 446 1224 ei
467 1165 536 1224 inde
560 1184 595 1223 ex
618 1165 745 1240 privatis
769 1168 799 1223 ei
821 1163 950 1241 propriis
974 1165 1065 1224 sacris
1088 1164 1256 1223 communia
1279 1157 1330 1241 (ef.
1353 1184 1381 1224 v.
1401 1168 1420 1222 4
1444 1168 1476 1223 el
1500 1163 1520 1221 8
1547 1161 1583 1222 τὰ

274 1260 336 1342 lep&
358 1260 394 1321 τδι
416 1255 527 1344 κοινοί),
550 1282 566 1321 e
589 1263 750 1340 gentiliciis
772 1263 924 1338 phratrias
946 1262 1065 1340 reddita
1085 1265 1179 1337 erant,
1202 1265 1300 1321 lamen
1320 1281 1375 1338 per
1392 1261 1584 1338 aliquantum

1684 917 1687 1002 l

1687 1030 1688 1108 l

273 1362 415 1437 temporis
447 1361 582 1436 pristinis
614 1360 773 1419 domiciliis
806 1360 965 1438 gentiliciis
994 1352 1071 1442 (ταῖς
1099 1358 1260 1432 ἰδιωτικαῖς
1287 1351 1408 1440 οἰκίαις)
1436 1359 1586 1419 servanda
1690 1364 1691 1388 ί

272 1459 519 1534 relinquebantur
550 1462 712 1536 gentesque
745 1459 830 1534 quasi
863 1458 1030 1517 custodiam
1062 1477 1164 1518 eorum
1196 1457 1379 1517 obtinebant.
1426 1457 1483 1516 Sed
1514 1477 1584 1534 pro-

274 1555 427 1634 grediente
449 1557 607 1632 paullatim
631 1557 662 1616 vi
685 1560 716 1615 ei
738 1555 848 1615 fiducia
870 1555 1001 1632 peruium
1024 1557 1214 1632 popularium
1231 1556 1385 1632 phrateres
1403 1555 1501 1631 plebei
1522 1555 1584 1631 pri-

273 1654 418 1731 vilegium
436 1655 630 1730 patriciorum
649 1673 737 1731 aegre
756 1655 833 1712 ferre
853 1655 1013 1730 coeperunt
1032 1657 1062 1713 el
1079 1654 1301 1730 pedetemptim,
1320 1658 1354 1712 ut
1372 1652 1444 1713 haec
1463 1654 1585 1712 decreta

272 1754 430 1826 test-anton
453 1753 646 1811 sustulerunt.
682 1751 761 1810 Nam
784 1753 876 1811 eliam
898 1753 981 1810 tertii
1004 1751 1115 1811 decreti
1138 1755 1354 1829 argumentum,
1377 1751 1456 1828 quod
1479 1771 1534 1828 per
1553 1771 1585 1811 se

273 1850 370 1908 solum
393 1849 482 1908 aliter
504 1853 604 1926 polest
627 1849 777 1925 explicari,
801 1869 835 1908 ex
858 1849 961 1909 eadem
982 1849 1037 1910 illa
1054 1851 1171 1910 ratione
1188 1849 1382 1926 repetendum
1401 1853 1447 1908 est
1469 1850 1585 1910 verbis-

274 1966 331 2022 que
364 1943 438 2024 μηδὲ
467 1945 587 2024 ἰδιώτην
611 1943 724 2024 μηδένα
746 1949 805 2008 κτλ.
829 1967 889 2007 non
916 1947 1013 2022 quivis
1041 1949 1161 2023 praeter
1185 1947 1318 2023 Glydides
1348 1949 1499 2024 privatus,
1533 1947 1585 2006 sed

274 2043 395 2120 Glyiida
417 2046 553 2121 privatus
576 2046 720 2122 patricius
743 2038 893 2126 dieiturfl)
930 2045 1054 2104 Patricii
1072 2045 1167 2123 igitur
1185 2047 1275 2104 eliam
1294 2047 1362 2122 posi
1381 2045 1485 2104 aedem
1503 2063 1584 2104 com·

273 2162 392 2201 munem
420 2145 600 2202 exstructam
626 2145 780 2220 propriam
803 2143 861 2202 sibi
886 2145 1066 2220 potestatem
1089 2145 1151 2203 eius
1182 2143 1309 2202 utendae
1332 2143 1498 2203 vindicasse
1522 2145 1584 2219 pri·

273 2241 442 2316 slinumque
465 2240 656 2318 privilegium
679 2261 732 2316 per
755 2241 894 2318 ambages
917 2259 1104 2317 recuperasse
1127 2241 1279 2315 videntur,
1309 2241 1339 2299 id
1363 2242 1445 2317 quod
1468 2243 1583 2318 optime

272 2338 467 2416 intellegitur,
490 2338 649 2398 dummodo
668 2339 866 2398 sacerdotium
883 2339 981 2414 ipsum
1000 2339 1186 2417 gentilicium
1209 2340 1352 2398 mansmse
1378 2340 1584 2400 concedemus.

274 2435 416 2496 Sacerdos
439 2438 518 2496 enim
541 2439 708 2514 praecipue,
732 2455 799 2495 cum
822 2437 925 2496 aedem
948 2438 1136 2512 frequentare
1160 2437 1281 2511 soleret,
1306 2436 1394 2496 facile
1418 2436 1584 2497 adduceba-

273 2539 322 2594 tur
346 2537 435 2610 elque
457 2534 489 2593 id
508 2536 571 2593 sine
590 2535 659 2594 dolo
677 2531 765 2608 malo,
787 2537 823 2594 ul
840 2553 907 2594 eum
924 2537 1060 2593 insnum
1080 2553 1197 2611 quoque
1215 2553 1302 2594 usum
1320 2537 1457 2610 verteret,
1476 2535 1584 2595 deinde

272 2651 342 2692 vero
366 2633 458 2691 etiem
480 2633 656 2708 propinquis
679 2632 828 2692 nobilibus
851 2631 994 2691 utendam
1014 2635 1201 2708 pemidleret
1218 2625 1316 2712 (cip.
1332 2634 1375 2692 30
1398 2629 1474 2710 μηδὲ
1492 2629 1585 2693 ἄλλοι

272 2727 380 2788 δοῦναι
402 2728 569 2810 νηήσασθαι
592 2721 755 2811 μηθενί).7)
794 2729 912 2789 Similes
935 2733 1181 2791 commutaciones
1204 2733 1234 2789 el
1251 2730 1378 2790 Athenis
1399 2734 1430 2790 et
1449 2729 1584 2806 (lyrense

272 2827 367 2886 facias
391 2844 453 2886 esse
478 2825 579 2886 Scholl
605 2830 714 2886 slaiuii
737 2828 802 2887 coll.
821 2827 913 2887 Arist.
932 2827 995 2887 Pol.
1010 2827 1053 2886 VI
1076 2848 1104 2904 p.
1126 2828 1238 2887 1319b
1266 2826 1307 2888 ἔτι
1335 2825 1366 2888 δὲ
1389 2825 1440 2888 καί
1462 2825 1498 2887 τὰ
1520 2851 1583 2889 τοι-

272 2931 347 2983 αῦτα
369 2923 630 3001 κατασκευάσματα
652 2924 779 3006 χρήσιμα
802 2923 876 3005 πρὸς
897 2924 953 3005 τὴν
976 2925 1175 3004 δημοκρατίαν
1193 2924 1248 3004 τὴν
1266 2927 1406 3004 τοιαύτην
1429 2918 1475 2999 οἷς
1493 2929 1582 2986 Κλει-

273 3018 385 3099 σθένης
407 3043 436 3081 τε
457 3013 624 3100 Ἀθήνησιν
642 3021 783 3103 ἐχρήσατο
806 3023 986 3100 βουλόμενος
1009 3021 1135 3102 αὐξῆσαι
1155 3023 1210 3102 τὴν
1229 3023 1429 3104 δημοκρατίαν
1448 3021 1583 3104 καὶπερὶ

272 3119 420 3200 Κυρήνην
443 3120 475 3180 οἱ
494 3119 546 3181 τὸν
569 3120 666 3199 δῆμον
688 3121 889 3192 καθιστάντες.
935 3121 1030 3198 φυλαί
1050 3143 1079 3182 τε
1106 3119 1162 3201 γὰρ
1184 3119 1277 3201 ἕτεροι
1300 3119 1434 3199 ποιητέαι
1461 3122 1583 3194 πλείους

272 3215 322 3277 καί
341 3217 481 3298 φρατρίαι
498 3216 548 3278 καί
566 3216 606 3278 τὰ
629 3226 696 3278 τῶν
716 3217 819 3278 ἰδίων
840 3218 944 3298 ἱερῶν
967 3216 1164 3280 συνακτέον
1183 3217 1233 3290 τίς
1256 3215 1357 3299 ὀλίγα
1380 3217 1439 3278 καὶ
1462 3219 1584 3298 κοινά,

272 3312 322 3375 καὶ
344 3314 441 3374 κοίντα
464 3313 622 3391 σοφιστέον
645 3315 726 3388 ὅπως
755 3312 793 3376 διν
816 3314 860 3377 ὅτι
888 3315 1011 3393 μάλιστα
1033 3313 1221 3396 ἀναμιχθῶσι
1243 3315 1351 3389 πάντες
1373 3315 1525 3394 ἀλλήλοις,
1552 3318 1588 3378 αί

272 3409 304 3474 δέ
331 3412 492 3490 συνήθειαι
518 3414 731 3492 διαζευχθῶσιν
763 3413 797 3473 αἱ
825 3413 964 3495 πρότεραι
995 3415 1099 3490 hisque
1127 3414 1262 3474 omnibus
1295 3417 1490 3490 comparatis,
1523 3435 1584 3491 quo

271 3512 394 3571 valeant
415 3513 492 3572 tales
515 3515 771 3588 commutationes,
794 3513 956 3588 exposuit.'
1006 3561 1009 3570 ,

361 3619 407 3677 De
429 3619 557 3696 singulis
580 3638 672 3678 unum
694 3621 801 3678 notatu
824 3619 947 3698 dignum
970 3619 1102 3679 videtur:
1125 3619 1283 3679 discrimen
1305 3620 1387 3697 quod
1406 3619 1584 3680 observatur

272 3717 351 3774 inter
372 3733 459 3774 usum
482 3717 563 3776 vocis
587 3714 666 3775 οἰκία
689 3719 720 3775 el
742 3718 823 3776 vocis
847 3710 935 3788 οίκος.
972 3717 1030 3776 illa
1048 3718 1127 3776 enim
1145 3716 1250 3777 domus
1268 3719 1397 3794 privele,
1420 3717 1477 3778 hac
1496 3717 1584 3778 aedes

272 3831 357 3873 sacra
380 3813 573 3892 significatur,
596 3814 674 3874 unde
697 3817 799 3873 temen
822 3832 893 3874 cave
917 3815 1041 3893 colliges
1063 3834 1170 3875 nomen
1193 3807 1276 3888 οίκος
1297 3815 1377 3875 idem
1404 3834 1526 3892 prorsus
1551 3835 1585 3875 ec

272 3910 344 3982 ναός
366 3912 505 3971 valuisse.
547 3912 642 3971 Immo
666 3916 745 3971 recte
770 3911 907 3988 Clytidee
930 3931 997 3971 eum
1020 3913 1124 3972 aedem
1145 3913 1229 3972 illam
1253 3913 1451 3988 aedificarent,
1475 3933 1584 3974 nomen

271 4006 343 4080 ναός
365 3999 564 4085 prohibebani
582 4041 626 4050 -
644 4029 740 4085 neque
759 4011 837 4069 enim
856 4013 921 4069 erat
945 4007 1025 4088 ναός,
1048 4011 1074 4069 si
1097 4012 1216 4087 quidem
1239 4029 1324 4072 sacra
1346 4011 1401 4070 illa
1425 4013 1583 4070 etiamtum

362 4233 389 4302 ὅ)
417 4230 493 4287 velut
518 4235 550 4287 ui
575 4233 751 4288 notissimum
777 4232 835 4287 fere
859 4233 1018 4303 exemplum
1042 4233 1166 4302 afferam,
1192 4234 1344 4290 Aeschines
1370 4237 1473 4301 oraim,
1499 4235 1583 4290 homo

271 4309 411 4380 plebeius,
435 4315 531 4367 tamen
555 4329 588 4368 ex
612 4330 646 4368 ea
668 4329 698 4368 se
721 4315 813 4368 orium
837 4312 975 4384 gloriatur
997 4313 1125 4384 phratria
1147 4313 1165 4383 ἣ
1188 4324 1243 4370 τῶν
1262 4316 1354 4370 αὐτῶν
1374 4317 1474 4387 βωμῶν
1490 4312 1584 4370 Ἐτεο-

272 4391 425 4460 βουτάδαις
448 4391 562 4462 μετέχει.

363 4483 389 4550 6)
418 4479 572 4536 Schollium
590 4483 625 4536 de
643 4483 728 4537 lertio
747 4483 859 4538 decreto
878 4482 954 4536 idem
967 4484 1087 4538 sensisse
1101 4485 1159 4538 veri
1174 4482 1266 4538 simile
1280 4499 1388 4550 censeo,
1407 4499 1580 4553 quamquam

272 4558 365 4626 verba,
384 4560 486 4629 quibus
506 4567 702 4632 argumentum
721 4561 781 4617 eins
800 4561 887 4616 refert
905 4571 948 4631 (ne
966 4565 1028 4632 quie
1043 4581 1173 4632 uinquam
1188 4571 1297 4632 poete
1312 4563 1437 4634 alutam
1451 4565 1502 4618 ι’ίίο
1516 4563 1582 4619 aede

272 4639 377 4708 ιιίιιίιιτ)
397 4638 532 4711 ambigua
551 4645 616 4696 sunl
634 4645 663 4696 ei
681 4645 780 4712 postes
799 4641 872 4697 nihil
891 4642 1012 4712 emplius
1034 4643 1069 4697 de
1088 4659 1121 4697 eo
1141 4643 1294 4698 adnotavit.

364 4731 388 4794 7)
411 4729 525 4784 interim
543 4747 646 4786 novum
665 4731 700 4785 de
718 4731 762 4784 his
780 4731 864 4786 rebus
879 4731 1076 4786 documentum
1090 4733 1288 4802 grevisnmum
1302 4733 1451 4788 accessisse
1466 4732 1579 4788 &tulum

274 4803 536 4863 Demoiionidarum
550 4811 595 4864 vix
610 4810 742 4878 estquod
757 4811 859 4865 dicam.
894 4810 934 4865 Cf.
949 4811 984 4866 de
1004 4827 1036 4866 eo
1054 4829 1129 4866 nunc
1143 4812 1229 4867 etiam
1243 4811 1581 4868 Derecto-Hauesoullier·

170 4967 171 4971 η
273 4883 398 4939 Reinach
418 4889 604 4957 Inscujurid.
623 4891 649 4944 II
666 4909 694 4960 p.
710 4896 761 4944 206
769 4908 829 4960 sqq.
