<?xml version="1.0" encoding="UTF-8"?>
<!DOCTYPE html PUBLIC "-//W3C//DTD XHTML 1.0 Transitional//EN"
    "http://www.w3.org/TR/xhtml1/DTD/xhtml1-transitional.dtd">
<html xmlns="http://www.w3.org/1999/xhtml" xml:lang="en" lang="en">
 <head>
  <title>
</title>
<meta http-equiv="Content-Type" content="text/html;charset=utf-8" />
  <meta name='ocr-system' content='tesseract 3.04.00' />
  <meta name='ocr-capabilities' content='ocr_page ocr_carea ocr_par ocr_line ocrx_word'/>
</head>
<body>
  <div class='ocr_page' id='page_1' title='image "./legesgraecorums00ziehgoog_0193.png"; bbox 0 0 3450 5458; ppageno 0'>
   <div class='ocr_carea' id='block_1_1' title="bbox 275 293 1066 360">
    <p class='ocr_par' dir='ltr' id='par_1_1' title="bbox 275 293 1066 360">
     <span class='ocr_line' id='line_1_1' title="bbox 275 293 1066 360; baseline -0.014 0"><span class='ocrx_word' id='word_1_1' title='bbox 275 295 338 360; x_wconf 83' lang='lat'><strong>180</strong></span> <span class='ocrx_word' id='word_1_2' title='bbox 791 293 906 349; x_wconf 84' lang='lat' dir='ltr'><strong>LEGES</strong></span> <span class='ocrx_word' id='word_1_3' title='bbox 926 293 1066 349; x_wconf 80' lang='lat' dir='ltr'><strong>SACRAE</strong></span> 
     </span>
    </p>
   </div>
   <div class='ocr_carea' id='block_1_2' title="bbox 271 457 1592 1031">
    <p class='ocr_par' dir='ltr' id='par_1_2' title="bbox 271 457 1592 1031">
     <span class='ocr_line' id='line_1_2' title="bbox 271 457 1588 544; baseline -0.002 -20"><span class='ocrx_word' id='word_1_4' title='bbox 271 468 334 524; x_wconf 92' lang='lat' dir='ltr'><strong>tam</strong></span> <span class='ocrx_word' id='word_1_5' title='bbox 358 462 523 541; x_wconf 88' lang='lat' dir='ltr'><strong>simplioe&#39;m</strong></span> <span class='ocrx_word' id='word_1_6' title='bbox 547 462 680 524; x_wconf 87' lang='lat' dir='ltr'><strong>indioare</strong></span> <span class='ocrx_word' id='word_1_7' title='bbox 703 462 836 538; x_wconf 86' lang='lat' dir='ltr'><strong>videtur,</strong></span> <span class='ocrx_word' id='word_1_8' title='bbox 859 462 910 523; x_wconf 89' lang='lat' dir='ltr'><strong>sed</strong></span> <span class='ocrx_word' id='word_1_9' title='bbox 933 463 1033 540; x_wconf 91' lang='lat' dir='ltr'><strong>potius</strong></span> <span class='ocrx_word' id='word_1_10' title='bbox 1056 464 1100 524; x_wconf 90' lang='lat' dir='ltr'><strong>rei</strong></span> <span class='ocrx_word' id='word_1_11' title='bbox 1123 464 1281 523; x_wconf 81' lang='lat' dir='ltr'><strong>familiaris</strong></span> <span class='ocrx_word' id='word_1_12' title='bbox 1306 464 1509 525; x_wconf 89' lang='lat' dir='ltr'><strong>definitionem</strong></span> <span class='ocrx_word' id='word_1_13' title='bbox 1532 457 1588 544; x_wconf 83' lang='lat' dir='ltr'><strong>(of.</strong></span> 
     </span>
     <span class='ocr_line' id='line_1_3' title="bbox 272 552 1590 641; baseline -0.001 -20"><span class='ocrx_word' id='word_1_14' title='bbox 272 563 363 622; x_wconf 88' lang='lat' dir='ltr'><strong>etiam</strong></span> <span class='ocrx_word' id='word_1_15' title='bbox 388 561 407 636; x_wconf 64' lang='grc' dir='ltr'>ξ</span> <span class='ocrx_word' id='word_1_16' title='bbox 429 566 467 621; x_wconf 94' lang='grc'><strong>11</strong></span> <span class='ocrx_word' id='word_1_17' title='bbox 494 562 529 621; x_wconf 92' lang='lat' dir='ltr'><strong>de</strong></span> <span class='ocrx_word' id='word_1_18' title='bbox 553 561 581 618; x_wconf 89' lang='lat' dir='ltr'>V</span> <span class='ocrx_word' id='word_1_19' title='bbox 603 561 676 620; x_wconf 86' lang='lat' dir='ltr'><strong>viris</strong></span> <span class='ocrx_word' id='word_1_20' title='bbox 700 552 868 641; x_wconf 81' lang='lat' dir='ltr'>eligendis).</span> <span class='ocrx_word' id='word_1_21' title='bbox 914 561 1063 621; x_wconf 86' lang='lat' dir='ltr'><strong>Numerus</strong></span> <span class='ocrx_word' id='word_1_22' title='bbox 1087 581 1188 622; x_wconf 89' lang='lat' dir='ltr'><strong>eorum</strong></span> <span class='ocrx_word' id='word_1_23' title='bbox 1212 565 1285 622; x_wconf 88' lang='lat' dir='ltr'><strong>satis</strong></span> <span class='ocrx_word' id='word_1_24' title='bbox 1308 581 1435 641; x_wconf 82' lang='lat' dir='ltr'><strong>magnus</strong></span> <span class='ocrx_word' id='word_1_25' title='bbox 1459 565 1531 636; x_wconf 86' lang='lat' dir='ltr'><strong>fuit,</strong></span> <span class='ocrx_word' id='word_1_26' title='bbox 1560 563 1590 620; x_wconf 89' lang='lat' dir='ltr'><strong>si</strong></span> 
     </span>
     <span class='ocr_line' id='line_1_4' title="bbox 272 655 1589 738; baseline -0.002 -18"><span class='ocrx_word' id='word_1_27' title='bbox 272 660 393 738; x_wconf 92' lang='lat' dir='ltr'><strong>quidem</strong></span> <span class='ocrx_word' id='word_1_28' title='bbox 416 679 452 719; x_wconf 84' lang='lat' dir='ltr'><strong>ex</strong></span> <span class='ocrx_word' id='word_1_29' title='bbox 474 663 512 719; x_wconf 90' lang='lat' dir='ltr'><strong>iis</strong></span> <span class='ocrx_word' id='word_1_30' title='bbox 536 660 584 719; x_wconf 87' lang='lat' dir='ltr'><strong>vel</strong></span> <span class='ocrx_word' id='word_1_31' title='bbox 607 655 793 738; x_wconf 80' lang='grc' dir='ltr'><strong><em>ῥαβδοφόροι</em></strong></span> <span class='ocrx_word' id='word_1_32' title='bbox 816 661 926 736; x_wconf 81' lang='lat' dir='ltr'><strong>viginti</strong></span> <span class='ocrx_word' id='word_1_33' title='bbox 954 664 984 718; x_wconf 86' lang='lat' dir='ltr'><strong>et</strong></span> <span class='ocrx_word' id='word_1_34' title='bbox 1011 663 1165 737; x_wconf 86' lang='lat' dir='ltr'><strong>praetorea</strong></span> <span class='ocrx_word' id='word_1_35' title='bbox 1193 663 1364 738; x_wconf 76' lang='lat' dir='ltr'><strong>mystagogi</strong></span> <span class='ocrx_word' id='word_1_36' title='bbox 1393 661 1510 736; x_wconf 82' lang='lat' dir='ltr'><strong>aliquot</strong></span> <span class='ocrx_word' id='word_1_37' title='bbox 1531 661 1589 720; x_wconf 88' lang='lat' dir='ltr'><strong>eli-</strong></span> 
     </span>
     <span class='ocr_line' id='line_1_5' title="bbox 271 749 1590 838; baseline -0.002 -20"><span class='ocrx_word' id='word_1_38' title='bbox 271 760 419 838; x_wconf 84' lang='lat' dir='ltr'><strong>gebantur</strong></span> <span class='ocrx_word' id='word_1_39' title='bbox 442 750 476 838; x_wconf 60' lang='grc' dir='ltr'><strong>(ᾗ</strong></span> <span class='ocrx_word' id='word_1_40' title='bbox 497 760 538 817; x_wconf 94' lang='grc'><strong>10</strong></span> <span class='ocrx_word' id='word_1_41' title='bbox 561 749 818 838; x_wconf 82' lang='lat' dir='ltr'><strong>etv.145sqq.).</strong></span> <span class='ocrx_word' id='word_1_42' title='bbox 866 757 980 826; x_wconf 78' lang='lat' dir='ltr'><strong>Quibus</strong></span> <span class='ocrx_word' id='word_1_43' title='bbox 1002 758 1090 817; x_wconf 90' lang='lat' dir='ltr'><strong>rebus</strong></span> <span class='ocrx_word' id='word_1_44' title='bbox 1113 759 1312 832; x_wconf 78' lang='lat' dir='ltr'><strong>interfuerint,</strong></span> <span class='ocrx_word' id='word_1_45' title='bbox 1342 759 1510 836; x_wconf 79' lang='lat' dir='ltr'><strong>singilatim</strong></span> <span class='ocrx_word' id='word_1_46' title='bbox 1534 778 1590 818; x_wconf 82' lang='lat' dir='ltr'><strong>ex·</strong></span> 
     </span>
     <span class='ocr_line' id='line_1_6' title="bbox 272 855 1590 934; baseline -0.002 -17"><span class='ocrx_word' id='word_1_47' title='bbox 272 875 381 934; x_wconf 90' lang='lat' dir='ltr'><strong>ponere</strong></span> <span class='ocrx_word' id='word_1_48' title='bbox 409 855 532 933; x_wconf 87' lang='lat' dir='ltr'><strong>longum</strong></span> <span class='ocrx_word' id='word_1_49' title='bbox 561 858 618 930; x_wconf 82' lang='lat' dir='ltr'><strong>est3</strong></span> <span class='ocrx_word' id='word_1_50' title='bbox 646 857 770 931; x_wconf 79' lang='lat' dir='ltr'><strong>excepta</strong></span> <span class='ocrx_word' id='word_1_51' title='bbox 796 873 828 914; x_wconf 87' lang='lat' dir='ltr'><strong>re</strong></span> <span class='ocrx_word' id='word_1_52' title='bbox 852 857 1025 931; x_wconf 79' lang='lat' dir='ltr'><strong>pecuniaria</strong></span> <span class='ocrx_word' id='word_1_53' title='bbox 1049 857 1242 930; x_wconf 84' lang='lat' dir='ltr'><strong>omniafere,</strong></span> <span class='ocrx_word' id='word_1_54' title='bbox 1269 875 1345 933; x_wconf 90' lang='lat' dir='ltr'><strong>quae</strong></span> <span class='ocrx_word' id='word_1_55' title='bbox 1369 855 1407 914; x_wconf 89' lang='lat' dir='ltr'><strong>ad</strong></span> <span class='ocrx_word' id='word_1_56' title='bbox 1430 861 1590 915; x_wconf 83' lang='lat' dir='ltr'><strong>externum</strong></span> 
     </span>
     <span class='ocr_line' id='line_1_7' title="bbox 273 952 1592 1031; baseline -0.001 -18"><span class='ocrx_word' id='word_1_57' title='bbox 273 955 415 1014; x_wconf 89' lang='lat' dir='ltr'><strong>feriarum</strong></span> <span class='ocrx_word' id='word_1_58' title='bbox 438 954 571 1013; x_wconf 84' lang='lat' dir='ltr'><strong>ordinem</strong></span> <span class='ocrx_word' id='word_1_59' title='bbox 594 952 793 1029; x_wconf 88' lang='lat' dir='ltr'><strong>pertinebant,</strong></span> <span class='ocrx_word' id='word_1_60' title='bbox 817 955 870 1012; x_wconf 91' lang='lat' dir='ltr'><strong>aut</strong></span> <span class='ocrx_word' id='word_1_61' title='bbox 893 953 950 1012; x_wconf 90' lang='lat' dir='ltr'><strong>soli</strong></span> <span class='ocrx_word' id='word_1_62' title='bbox 974 957 1026 1012; x_wconf 89' lang='lat' dir='ltr'><strong>aut</strong></span> <span class='ocrx_word' id='word_1_63' title='bbox 1049 974 1109 1011; x_wconf 85' lang='lat' dir='ltr'><strong>una</strong></span> <span class='ocrx_word' id='word_1_64' title='bbox 1127 972 1194 1013; x_wconf 88' lang='lat' dir='ltr'><strong>oum</strong></span> <span class='ocrx_word' id='word_1_65' title='bbox 1213 953 1438 1031; x_wconf 85' lang='lat' dir='ltr'><strong>magistratibus</strong></span> <span class='ocrx_word' id='word_1_66' title='bbox 1457 955 1592 1031; x_wconf 83' lang='lat' dir='ltr'><strong>publicis</strong></span> 
     </span>
    </p>
   </div>
   <div class='ocr_carea' id='block_1_3' title="bbox 273 1041 1592 1524">
    <p class='ocr_par' dir='ltr' id='par_1_3' title="bbox 273 1041 1592 1524">
     <span class='ocr_line' id='line_1_8' title="bbox 273 1041 1592 1131; baseline 0 -19"><span class='ocrx_word' id='word_1_67' title='bbox 273 1053 356 1112; x_wconf 87' lang='lat' dir='ltr'><strong>velut</strong></span> <span class='ocrx_word' id='word_1_68' title='bbox 379 1051 523 1111; x_wconf 90' lang='lat' dir='ltr'><strong>aedilibus</strong></span> <span class='ocrx_word' id='word_1_69' title='bbox 547 1043 580 1131; x_wconf 58' lang='grc' dir='ltr'><strong>(ᾖ</strong></span> <span class='ocrx_word' id='word_1_70' title='bbox 601 1053 643 1110; x_wconf 80' lang='lat'><strong>20</strong></span> <span class='ocrx_word' id='word_1_71' title='bbox 666 1054 696 1109; x_wconf 92' lang='lat' dir='ltr'><strong>et</strong></span> <span class='ocrx_word' id='word_1_72' title='bbox 720 1041 776 1130; x_wconf 81' lang='lat'><strong>21)</strong></span> <span class='ocrx_word' id='word_1_73' title='bbox 801 1050 946 1111; x_wconf 76' lang='lat' dir='ltr'><strong>curabant</strong></span> <span class='ocrx_word' id='word_1_74' title='bbox 973 1056 1004 1111; x_wconf 93' lang='lat' dir='ltr'><strong>et</strong></span> <span class='ocrx_word' id='word_1_75' title='bbox 1031 1052 1142 1112; x_wconf 84' lang='lat' dir='ltr'><strong>ideireo</strong></span> <span class='ocrx_word' id='word_1_76' title='bbox 1167 1054 1258 1111; x_wconf 87' lang='lat' dir='ltr'><strong>etiam</strong></span> <span class='ocrx_word' id='word_1_77' title='bbox 1281 1054 1430 1128; x_wconf 76' lang='lat' dir='ltr'><strong>potestate</strong></span> <span class='ocrx_word' id='word_1_78' title='bbox 1458 1052 1592 1112; x_wconf 86' lang='lat' dir='ltr'><strong>inridioa</strong></span> 
     </span>
     <span class='ocr_line' id='line_1_9' title="bbox 273 1141 1592 1228; baseline 0 -19"><span class='ocrx_word' id='word_1_79' title='bbox 273 1150 434 1209; x_wconf 89' lang='lat' dir='ltr'><strong>utebantur</strong></span> <span class='ocrx_word' id='word_1_80' title='bbox 461 1149 540 1208; x_wconf 92' lang='lat' dir='ltr'><strong>haud</strong></span> <span class='ocrx_word' id='word_1_81' title='bbox 569 1141 735 1228; x_wconf 61' lang='lat' dir='ltr'><strong>exiguali),</strong></span> <span class='ocrx_word' id='word_1_82' title='bbox 767 1149 845 1208; x_wconf 91' lang='lat' dir='ltr'><strong>unde</strong></span> <span class='ocrx_word' id='word_1_83' title='bbox 874 1149 908 1208; x_wconf 93' lang='lat' dir='ltr'><strong>fit</strong></span> <span class='ocrx_word' id='word_1_84' title='bbox 935 1167 985 1210; x_wconf 89' lang='lat' dir='ltr'><strong>eos</strong></span> <span class='ocrx_word' id='word_1_85' title='bbox 1012 1151 1102 1208; x_wconf 89' lang='lat' dir='ltr'><strong>simul</strong></span> <span class='ocrx_word' id='word_1_86' title='bbox 1129 1149 1249 1209; x_wconf 81' lang='lat' dir='ltr'><strong>concilii</strong></span> <span class='ocrx_word' id='word_1_87' title='bbox 1275 1150 1311 1208; x_wconf 87' lang='lat' dir='ltr'><strong>de</strong></span> <span class='ocrx_word' id='word_1_88' title='bbox 1340 1149 1592 1209; x_wconf 73' lang='lat' dir='ltr'><strong>administrandis</strong></span> 
     </span>
     <span class='ocr_line' id='line_1_10' title="bbox 273 1246 1592 1324; baseline -0.002 -16"><span class='ocrx_word' id='word_1_89' title='bbox 273 1249 365 1308; x_wconf 85' lang='lat' dir='ltr'><strong>saeris</strong></span> <span class='ocrx_word' id='word_1_90' title='bbox 393 1247 586 1306; x_wconf 87' lang='lat' dir='ltr'><strong>deliberantis</strong></span> <span class='ocrx_word' id='word_1_91' title='bbox 615 1250 644 1306; x_wconf 89' lang='lat' dir='ltr'><strong>et</strong></span> <span class='ocrx_word' id='word_1_92' title='bbox 672 1246 856 1306; x_wconf 74' lang='lat' dir='ltr'><strong>decernentis</strong></span> <span class='ocrx_word' id='word_1_93' title='bbox 885 1251 914 1306; x_wconf 91' lang='lat' dir='ltr'><strong>et</strong></span> <span class='ocrx_word' id='word_1_94' title='bbox 941 1248 1059 1323; x_wconf 85' lang='lat' dir='ltr'><strong>iudicii,</strong></span> <span class='ocrx_word' id='word_1_95' title='bbox 1086 1249 1165 1324; x_wconf 88' lang='lat' dir='ltr'><strong>quod</strong></span> <span class='ocrx_word' id='word_1_96' title='bbox 1192 1247 1295 1324; x_wconf 90' lang='lat' dir='ltr'><strong>poenis</strong></span> <span class='ocrx_word' id='word_1_97' title='bbox 1320 1247 1414 1306; x_wconf 81' lang='lat' dir='ltr'><strong>allisit</strong></span> <span class='ocrx_word' id='word_1_98' title='bbox 1436 1266 1499 1320; x_wconf 89' lang='lat' dir='ltr'><strong>eos,</strong></span> <span class='ocrx_word' id='word_1_99' title='bbox 1532 1250 1592 1323; x_wconf 88' lang='lat' dir='ltr'><strong>qui</strong></span> 
     </span>
     <span class='ocr_line' id='line_1_11' title="bbox 274 1336 1591 1426; baseline -0.001 -22"><span class='ocrx_word' id='word_1_100' title='bbox 274 1345 390 1422; x_wconf 88' lang='lat' dir='ltr'><strong>aliquid</strong></span> <span class='ocrx_word' id='word_1_101' title='bbox 409 1345 608 1420; x_wconf 88' lang='lat' dir='ltr'><strong>deliquerunt,</strong></span> <span class='ocrx_word' id='word_1_102' title='bbox 632 1346 711 1404; x_wconf 87' lang='lat' dir='ltr'><strong>vioes</strong></span> <span class='ocrx_word' id='word_1_103' title='bbox 730 1346 883 1404; x_wconf 89' lang='lat' dir='ltr'><strong>sustinere.</strong></span> <span class='ocrx_word' id='word_1_104' title='bbox 891 1336 929 1426; x_wconf 73' lang='grc'><strong>75)</strong></span> <span class='ocrx_word' id='word_1_105' title='bbox 962 1345 1077 1405; x_wconf 86' lang='lat' dir='ltr'><strong>Notatu</strong></span> <span class='ocrx_word' id='word_1_106' title='bbox 1100 1346 1132 1404; x_wconf 87' lang='lat' dir='ltr'><strong>id</strong></span> <span class='ocrx_word' id='word_1_107' title='bbox 1155 1364 1273 1422; x_wconf 93' lang='lat' dir='ltr'><strong>quoque</strong></span> <span class='ocrx_word' id='word_1_108' title='bbox 1291 1346 1413 1424; x_wconf 83' lang='lat' dir='ltr'><strong>dignum</strong></span> <span class='ocrx_word' id='word_1_109' title='bbox 1434 1347 1480 1404; x_wconf 90' lang='lat' dir='ltr'><strong>est</strong></span> <span class='ocrx_word' id='word_1_110' title='bbox 1493 1345 1591 1403; x_wconf 93' lang='lat' dir='ltr'><strong>libros</strong></span> 
     </span>
     <span class='ocr_line' id='line_1_12' title="bbox 274 1435 1452 1524; baseline -0.003 -20"><span class='ocrx_word' id='word_1_111' title='bbox 274 1461 373 1504; x_wconf 84' lang='lat' dir='ltr'><strong>sacros</strong></span> <span class='ocrx_word' id='word_1_112' title='bbox 397 1436 431 1524; x_wconf 66' lang='grc' dir='ltr'><strong>(ξ</strong></span> <span class='ocrx_word' id='word_1_113' title='bbox 453 1435 487 1524; x_wconf 80' lang='lat'><strong>2)</strong></span> <span class='ocrx_word' id='word_1_114' title='bbox 511 1447 542 1502; x_wconf 88' lang='lat' dir='ltr'><strong>et</strong></span> <span class='ocrx_word' id='word_1_115' title='bbox 564 1443 679 1502; x_wconf 85' lang='lat' dir='ltr'><strong>elavem</strong></span> <span class='ocrx_word' id='word_1_116' title='bbox 702 1443 837 1501; x_wconf 88' lang='lat' dir='ltr'><strong>thesauri</strong></span> <span class='ocrx_word' id='word_1_117' title='bbox 859 1445 1015 1519; x_wconf 89' lang='lat' dir='ltr'><strong>utriusque</strong></span> <span class='ocrx_word' id='word_1_118' title='bbox 1039 1439 1073 1524; x_wconf 60' lang='grc' dir='ltr'><strong>(ᾗ</strong></span> <span class='ocrx_word' id='word_1_119' title='bbox 1094 1437 1150 1524; x_wconf 89' lang='grc'><strong>18)</strong></span> <span class='ocrx_word' id='word_1_120' title='bbox 1174 1443 1212 1502; x_wconf 93' lang='lat' dir='ltr'><strong>ab</strong></span> <span class='ocrx_word' id='word_1_121' title='bbox 1236 1446 1274 1503; x_wconf 91' lang='lat' dir='ltr'><strong>iis</strong></span> <span class='ocrx_word' id='word_1_122' title='bbox 1297 1445 1452 1504; x_wconf 78' lang='lat' dir='ltr'><strong>asservari.</strong></span> 
     </span>
    </p>
   </div>
   <div class='ocr_carea' id='block_1_4' title="bbox 274 1549 1596 3393">
    <p class='ocr_par' dir='ltr' id='par_1_4' title="bbox 274 1549 1596 3393">
     <span class='ocr_line' id='line_1_13' title="bbox 362 1549 1592 1628; baseline 0 -20"><span class='ocrx_word' id='word_1_123' title='bbox 362 1551 427 1608; x_wconf 88' lang='lat' dir='ltr'><strong>lam</strong></span> <span class='ocrx_word' id='word_1_124' title='bbox 442 1569 508 1608; x_wconf 90' lang='lat' dir='ltr'><strong>oum</strong></span> <span class='ocrx_word' id='word_1_125' title='bbox 523 1549 612 1628; x_wconf 80' lang='grc' dir='ltr'><strong><em>ἱεροῖς</em></strong></span> <span class='ocrx_word' id='word_1_126' title='bbox 627 1551 775 1608; x_wconf 82' lang='lat' dir='ltr'><strong>sertorum</strong></span> <span class='ocrx_word' id='word_1_127' title='bbox 794 1549 959 1609; x_wconf 80' lang='lat' dir='ltr'><strong>officiorum</strong></span> <span class='ocrx_word' id='word_1_128' title='bbox 979 1570 1050 1610; x_wconf 87' lang='lat' dir='ltr'><strong>eura</strong></span> <span class='ocrx_word' id='word_1_129' title='bbox 1065 1550 1242 1628; x_wconf 77' lang='lat' dir='ltr'><strong>obtingeret</strong></span> <span class='ocrx_word' id='word_1_130' title='bbox 1255 1569 1346 1627; x_wconf 90' lang='lat' dir='ltr'><strong>penes</strong></span> <span class='ocrx_word' id='word_1_131' title='bbox 1365 1550 1592 1609; x_wconf 80' lang='lat' dir='ltr'><strong>deoemriros</strong></span> 
     </span>
     <span class='ocr_line' id='line_1_14' title="bbox 274 1648 1592 1724; baseline 0.001 -19"><span class='ocrx_word' id='word_1_132' title='bbox 274 1649 413 1708; x_wconf 85' lang='lat' dir='ltr'><strong>universa</strong></span> <span class='ocrx_word' id='word_1_133' title='bbox 434 1650 536 1724; x_wconf 90' lang='lat' dir='ltr'><strong>potius</strong></span> <span class='ocrx_word' id='word_1_134' title='bbox 560 1648 692 1706; x_wconf 89' lang='lat' dir='ltr'><strong>omnium</strong></span> <span class='ocrx_word' id='word_1_135' title='bbox 715 1667 814 1706; x_wconf 90' lang='lat' dir='ltr'><strong>rerum</strong></span> <span class='ocrx_word' id='word_1_136' title='bbox 838 1667 909 1707; x_wconf 86' lang='lat' dir='ltr'><strong>eura</strong></span> <span class='ocrx_word' id='word_1_137' title='bbox 932 1667 1048 1708; x_wconf 90' lang='lat' dir='ltr'><strong>summa</strong></span> <span class='ocrx_word' id='word_1_138' title='bbox 1072 1652 1145 1723; x_wconf 86' lang='lat' dir='ltr'><strong>erat,</strong></span> <span class='ocrx_word' id='word_1_139' title='bbox 1171 1668 1230 1724; x_wconf 89' lang='lat' dir='ltr'><strong>qua</strong></span> <span class='ocrx_word' id='word_1_140' title='bbox 1254 1649 1290 1707; x_wconf 87' lang='lat' dir='ltr'><strong>de</strong></span> <span class='ocrx_word' id='word_1_141' title='bbox 1313 1667 1405 1707; x_wconf 87' lang='lat' dir='ltr'><strong>eausa</strong></span> <span class='ocrx_word' id='word_1_142' title='bbox 1427 1651 1462 1706; x_wconf 92' lang='lat' dir='ltr'><strong>ut</strong></span> <span class='ocrx_word' id='word_1_143' title='bbox 1484 1665 1592 1706; x_wconf 90' lang='lat' dir='ltr'><strong>omnes</strong></span> 
     </span>
     <span class='ocr_line' id='line_1_15' title="bbox 274 1746 1592 1823; baseline -0.001 -19"><span class='ocrx_word' id='word_1_144' title='bbox 274 1749 390 1822; x_wconf 90' lang='lat' dir='ltr'><strong>mystae</strong></span> <span class='ocrx_word' id='word_1_145' title='bbox 404 1746 493 1804; x_wconf 85' lang='lat' dir='ltr'><strong>faoile</strong></span> <span class='ocrx_word' id='word_1_146' title='bbox 508 1764 556 1805; x_wconf 87' lang='lat' dir='ltr'><strong>eos</strong></span> <span class='ocrx_word' id='word_1_147' title='bbox 572 1763 747 1823; x_wconf 79' lang='lat' dir='ltr'><strong>cognoscere</strong></span> <span class='ocrx_word' id='word_1_148' title='bbox 767 1749 796 1804; x_wconf 92' lang='lat' dir='ltr'><strong>et</strong></span> <span class='ocrx_word' id='word_1_149' title='bbox 811 1746 893 1804; x_wconf 88' lang='lat' dir='ltr'><strong>adire</strong></span> <span class='ocrx_word' id='word_1_150' title='bbox 912 1749 1041 1822; x_wconf 88' lang='lat' dir='ltr'><strong>possent,</strong></span> <span class='ocrx_word' id='word_1_151' title='bbox 1056 1766 1208 1823; x_wconf 89' lang='lat' dir='ltr'><strong>purpurea</strong></span> <span class='ocrx_word' id='word_1_152' title='bbox 1221 1749 1299 1806; x_wconf 82' lang='lat' dir='ltr'><strong>vitta</strong></span> <span class='ocrx_word' id='word_1_153' title='bbox 1314 1749 1392 1805; x_wconf 87' lang='lat' dir='ltr'><strong>siout</strong></span> <span class='ocrx_word' id='word_1_154' title='bbox 1411 1747 1472 1806; x_wconf 87' lang='lat' dir='ltr'><strong>fere</strong></span> <span class='ocrx_word' id='word_1_155' title='bbox 1491 1747 1592 1804; x_wconf 85' lang='lat' dir='ltr'><strong>nostri</strong></span> 
     </span>
     <span class='ocr_line' id='line_1_16' title="bbox 274 1837 1591 1925; baseline -0.001 -23"><span class='ocrx_word' id='word_1_156' title='bbox 274 1863 392 1920; x_wconf 88' lang='lat' dir='ltr'><strong>quoque</strong></span> <span class='ocrx_word' id='word_1_157' title='bbox 417 1839 616 1903; x_wconf 76' lang='lat' dir='ltr'><strong>‘Fsslordoer&#39;</strong></span> <span class='ocrx_word' id='word_1_158' title='bbox 642 1846 742 1903; x_wconf 88' lang='lat' dir='ltr'><strong>ornati</strong></span> <span class='ocrx_word' id='word_1_159' title='bbox 764 1847 850 1902; x_wconf 91' lang='lat' dir='ltr'><strong>erant</strong></span> <span class='ocrx_word' id='word_1_160' title='bbox 873 1837 915 1924; x_wconf 83' lang='lat' dir='ltr'><strong>(v.</strong></span> <span class='ocrx_word' id='word_1_161' title='bbox 938 1837 1023 1925; x_wconf 88' lang='grc'>179).</span> <span class='ocrx_word' id='word_1_162' title='bbox 1070 1843 1256 1904; x_wconf 86' lang='lat' dir='ltr'><strong>Creabantur</strong></span> <span class='ocrx_word' id='word_1_163' title='bbox 1278 1863 1337 1903; x_wconf 91' lang='lat' dir='ltr'><strong>non</strong></span> <span class='ocrx_word' id='word_1_164' title='bbox 1361 1848 1449 1916; x_wconf 89' lang='lat' dir='ltr'><strong>sorte,</strong></span> <span class='ocrx_word' id='word_1_165' title='bbox 1472 1841 1524 1903; x_wconf 88' lang='lat' dir='ltr'><strong>sed</strong></span> <span class='ocrx_word' id='word_1_166' title='bbox 1546 1845 1591 1902; x_wconf 90' lang='lat' dir='ltr'><strong>ci-</strong></span> 
     </span>
     <span class='ocr_line' id='line_1_17' title="bbox 275 1933 1592 2022; baseline -0.001 -22"><span class='ocrx_word' id='word_1_167' title='bbox 275 1943 356 2000; x_wconf 83' lang='lat' dir='ltr'><strong>vium</strong></span> <span class='ocrx_word' id='word_1_168' title='bbox 381 1941 530 2020; x_wconf 83' lang='lat' dir='ltr'><strong>suffragiis</strong></span> <span class='ocrx_word' id='word_1_169' title='bbox 550 1933 590 2022; x_wconf 84' lang='lat' dir='ltr'><strong>(v.</strong></span> <span class='ocrx_word' id='word_1_170' title='bbox 609 1934 789 2022; x_wconf 80' lang='lat'>119—120)</span> <span class='ocrx_word' id='word_1_171' title='bbox 814 1939 845 2000; x_wconf 79' lang='grc' dir='ltr'><strong>ἐκ</strong></span> <span class='ocrx_word' id='word_1_172' title='bbox 863 1940 984 2001; x_wconf 83' lang='grc' dir='ltr'><strong><em>πάντων</em></strong></span> <span class='ocrx_word' id='word_1_173' title='bbox 1002 1950 1061 2000; x_wconf 81' lang='grc' dir='ltr'><strong>τῶν</strong></span> <span class='ocrx_word' id='word_1_174' title='bbox 1079 1946 1207 2002; x_wconf 78' lang='grc' dir='ltr'><strong><em>πολιτῶν</em></strong></span> <span class='ocrx_word' id='word_1_175' title='bbox 1225 1945 1244 2000; x_wconf 84' lang='lat' dir='ltr'><strong>i</strong></span> <span class='ocrx_word' id='word_1_176' title='bbox 1262 1961 1295 2016; x_wconf 81' lang='lat' dir='ltr'><strong>e,</strong></span> <span class='ocrx_word' id='word_1_177' title='bbox 1319 1944 1461 2017; x_wconf 90' lang='lat' dir='ltr'><strong>quoniam</strong></span> <span class='ocrx_word' id='word_1_178' title='bbox 1479 1960 1506 1999; x_wconf 84' lang='lat' dir='ltr'><strong>v.</strong></span> <span class='ocrx_word' id='word_1_179' title='bbox 1525 1943 1592 2000; x_wconf 88' lang='lat'><strong>130</strong></span> 
     </span>
     <span class='ocr_line' id='line_1_18' title="bbox 275 2038 1592 2118; baseline -0.002 -20"><span class='ocrx_word' id='word_1_180' title='bbox 275 2039 420 2115; x_wconf 86' lang='lat' dir='ltr'><strong>quaedam</strong></span> <span class='ocrx_word' id='word_1_181' title='bbox 440 2040 550 2098; x_wconf 83' lang='lat' dir='ltr'><strong>civium</strong></span> <span class='ocrx_word' id='word_1_182' title='bbox 570 2059 679 2117; x_wconf 82' lang='lat' dir='ltr'><strong>genera</strong></span> <span class='ocrx_word' id='word_1_183' title='bbox 698 2039 816 2099; x_wconf 84' lang='lat' dir='ltr'><strong>exclusa</strong></span> <span class='ocrx_word' id='word_1_184' title='bbox 835 2058 897 2099; x_wconf 89' lang='lat' dir='ltr'><strong>esse</strong></span> <span class='ocrx_word' id='word_1_185' title='bbox 916 2039 1039 2113; x_wconf 84' lang='lat' dir='ltr'><strong>indicat,</strong></span> <span class='ocrx_word' id='word_1_186' title='bbox 1057 2059 1117 2100; x_wconf 91' lang='lat' dir='ltr'><strong>non</strong></span> <span class='ocrx_word' id='word_1_187' title='bbox 1135 2040 1273 2099; x_wconf 88' lang='lat' dir='ltr'><strong>tributim</strong></span> <span class='ocrx_word' id='word_1_188' title='bbox 1291 2041 1369 2099; x_wconf 91' lang='lat' dir='ltr'><strong>siout</strong></span> <span class='ocrx_word' id='word_1_189' title='bbox 1387 2038 1469 2118; x_wconf 82' lang='grc' dir='ltr'><strong><em>ἱεροί,</em></strong></span> <span class='ocrx_word' id='word_1_190' title='bbox 1487 2038 1539 2097; x_wconf 89' lang='lat' dir='ltr'><strong>sed</strong></span> <span class='ocrx_word' id='word_1_191' title='bbox 1552 2057 1592 2097; x_wconf 83' lang='lat' dir='ltr'><strong>en</strong></span> 
     </span>
     <span class='ocr_line' id='line_1_19' title="bbox 275 2135 1592 2216; baseline -0.001 -21"><span class='ocrx_word' id='word_1_192' title='bbox 275 2139 414 2197; x_wconf 86' lang='lat' dir='ltr'><strong>universo</strong></span> <span class='ocrx_word' id='word_1_193' title='bbox 436 2138 557 2214; x_wconf 87' lang='lat' dir='ltr'><strong>populo.</strong></span> <span class='ocrx_word' id='word_1_194' title='bbox 596 2136 709 2206; x_wconf 83' lang='lat' dir='ltr'><strong>Quodsi</strong></span> <span class='ocrx_word' id='word_1_195' title='bbox 732 2155 808 2213; x_wconf 90' lang='lat' dir='ltr'><strong>quae</strong></span> <span class='ocrx_word' id='word_1_196' title='bbox 832 2139 910 2196; x_wconf 87' lang='lat' dir='ltr'><strong>ratio</strong></span> <span class='ocrx_word' id='word_1_197' title='bbox 934 2140 1013 2196; x_wconf 85' lang='lat' dir='ltr'><strong>inter</strong></span> <span class='ocrx_word' id='word_1_198' title='bbox 1035 2138 1216 2198; x_wconf 78' lang='lat' dir='ltr'><strong>decemviros</strong></span> <span class='ocrx_word' id='word_1_199' title='bbox 1240 2141 1270 2198; x_wconf 90' lang='lat' dir='ltr'><strong>et</strong></span> <span class='ocrx_word' id='word_1_200' title='bbox 1293 2136 1362 2208; x_wconf 83' lang='grc' dir='ltr'><strong><em>τοὺς</em></strong></span> <span class='ocrx_word' id='word_1_201' title='bbox 1381 2135 1478 2216; x_wconf 79' lang='grc' dir='ltr'><strong><em>ἱεροὺς</em></strong></span> <span class='ocrx_word' id='word_1_202' title='bbox 1496 2139 1592 2194; x_wconf 87' lang='lat' dir='ltr'><strong>inter-</strong></span> 
     </span>
     <span class='ocr_line' id='line_1_20' title="bbox 276 2233 1592 2313; baseline -0.002 -19"><span class='ocrx_word' id='word_1_203' title='bbox 276 2238 398 2295; x_wconf 79' lang='lat' dir='ltr'><strong>cesserit</strong></span> <span class='ocrx_word' id='word_1_204' title='bbox 416 2255 550 2313; x_wconf 88' lang='lat' dir='ltr'><strong>quaeras,</strong></span> <span class='ocrx_word' id='word_1_205' title='bbox 569 2235 690 2295; x_wconf 90' lang='lat' dir='ltr'><strong>illorum</strong></span> <span class='ocrx_word' id='word_1_206' title='bbox 709 2238 772 2295; x_wconf 90' lang='lat' dir='ltr'><strong>sine</strong></span> <span class='ocrx_word' id='word_1_207' title='bbox 791 2234 882 2294; x_wconf 91' lang='lat' dir='ltr'><strong>dubio</strong></span> <span class='ocrx_word' id='word_1_208' title='bbox 900 2237 997 2294; x_wconf 92' lang='lat' dir='ltr'><strong>maior</strong></span> <span class='ocrx_word' id='word_1_209' title='bbox 1016 2240 1081 2294; x_wconf 91' lang='lat' dir='ltr'><strong>erat</strong></span> <span class='ocrx_word' id='word_1_210' title='bbox 1098 2240 1231 2312; x_wconf 88' lang='lat' dir='ltr'><strong>potestas</strong></span> <span class='ocrx_word' id='word_1_211' title='bbox 1250 2255 1303 2296; x_wconf 86' lang='lat' dir='ltr'><strong>neo</strong></span> <span class='ocrx_word' id='word_1_212' title='bbox 1321 2238 1422 2295; x_wconf 85' lang='lat' dir='ltr'><strong>tamen</strong></span> <span class='ocrx_word' id='word_1_213' title='bbox 1441 2233 1592 2309; x_wconf 70' lang='lat' dir='ltr'><strong>absoluta</strong></span> 
     </span>
     <span class='ocr_line' id='line_1_21' title="bbox 275 2329 1593 2413; baseline -0.001 -19"><span class='ocrx_word' id='word_1_214' title='bbox 275 2335 326 2394; x_wconf 89' lang='lat' dir='ltr'><strong>sed</strong></span> <span class='ocrx_word' id='word_1_215' title='bbox 349 2336 383 2392; x_wconf 92' lang='lat' dir='ltr'><strong>ut</strong></span> <span class='ocrx_word' id='word_1_216' title='bbox 407 2332 527 2410; x_wconf 84' lang='lat' dir='ltr'><strong>Sauppe</strong></span> <span class='ocrx_word' id='word_1_217' title='bbox 551 2335 664 2410; x_wconf 90' lang='lat' dir='ltr'><strong>optime</strong></span> <span class='ocrx_word' id='word_1_218' title='bbox 688 2334 826 2392; x_wconf 84' lang='lat' dir='ltr'><strong>distinxit</strong></span> <span class='ocrx_word' id='word_1_219' title='bbox 850 2329 903 2392; x_wconf 76' lang='lat' dir='ltr'><strong>‘sie</strong></span> <span class='ocrx_word' id='word_1_220' title='bbox 920 2335 1017 2393; x_wconf 77' lang='lat' dir='ltr'><strong>steten</strong></span> <span class='ocrx_word' id='word_1_221' title='bbox 1038 2353 1099 2393; x_wconf 80' lang='lat' dir='ltr'><strong>our</strong></span> <span class='ocrx_word' id='word_1_222' title='bbox 1116 2353 1157 2394; x_wconf 82' lang='lat' dir='ltr'><strong>on</strong></span> <span class='ocrx_word' id='word_1_223' title='bbox 1179 2337 1232 2394; x_wconf 80' lang='lat' dir='ltr'><strong>der</strong></span> <span class='ocrx_word' id='word_1_224' title='bbox 1249 2333 1345 2408; x_wconf 78' lang='lat' dir='ltr'><strong>Spitre</strong></span> <span class='ocrx_word' id='word_1_225' title='bbox 1363 2336 1415 2393; x_wconf 85' lang='lat' dir='ltr'><strong>cler</strong></span> <span class='ocrx_word' id='word_1_226' title='bbox 1436 2333 1519 2413; x_wconf 80' lang='grc' dir='ltr'><strong><em>ἱεροί,</em></strong></span> <span class='ocrx_word' id='word_1_227' title='bbox 1542 2335 1593 2393; x_wconf 84' lang='lat' dir='ltr'><strong>die</strong></span> 
     </span>
     <span class='ocr_line' id='line_1_22' title="bbox 274 2431 1592 2507; baseline 0 -17"><span class='ocrx_word' id='word_1_228' title='bbox 274 2432 337 2490; x_wconf 80' lang='lat' dir='ltr'><strong>totle</strong></span> <span class='ocrx_word' id='word_1_229' title='bbox 355 2434 409 2490; x_wconf 80' lang='lat' dir='ltr'><strong>rote</strong></span> <span class='ocrx_word' id='word_1_230' title='bbox 428 2435 475 2491; x_wconf 75' lang='lat' dir='ltr'><strong>ein</strong></span> <span class='ocrx_word' id='word_1_231' title='bbox 489 2433 558 2501; x_wconf 76' lang='lat' dir='ltr'><strong>Ital,</strong></span> <span class='ocrx_word' id='word_1_232' title='bbox 581 2432 644 2491; x_wconf 79' lang='lat' dir='ltr'><strong>trite</strong></span> <span class='ocrx_word' id='word_1_233' title='bbox 662 2433 715 2490; x_wconf 73' lang='lat' dir='ltr'><strong>soie</strong></span> <span class='ocrx_word' id='word_1_234' title='bbox 733 2431 933 2504; x_wconf 72' lang='lat' dir='ltr'><strong>aussotrende</strong></span> <span class='ocrx_word' id='word_1_235' title='bbox 953 2432 1088 2504; x_wconf 75' lang='lat' dir='ltr'><strong>Gebilsen</strong></span> <span class='ocrx_word' id='word_1_236' title='bbox 1105 2434 1194 2491; x_wconf 74' lang='lat' dir='ltr'><strong>ibero</strong></span> <span class='ocrx_word' id='word_1_237' title='bbox 1212 2433 1378 2507; x_wconf 71' lang='lat' dir='ltr'><strong>betyeqeben</strong></span> <span class='ocrx_word' id='word_1_238' title='bbox 1395 2432 1471 2490; x_wconf 76' lang='lat' dir='ltr'><strong>sind,</strong></span> <span class='ocrx_word' id='word_1_239' title='bbox 1503 2431 1592 2491; x_wconf 84' lang='lat' dir='ltr'><strong>Naob</strong></span> 
     </span>
     <span class='ocr_line' id='line_1_23' title="bbox 275 2529 1594 2604; baseline 0.002 -18"><span class='ocrx_word' id='word_1_240' title='bbox 275 2529 308 2586; x_wconf 90' lang='lat' dir='ltr'><strong>Z.</strong></span> <span class='ocrx_word' id='word_1_241' title='bbox 331 2531 394 2588; x_wconf 86' lang='lat'><strong>173</strong></span> <span class='ocrx_word' id='word_1_242' title='bbox 417 2536 535 2588; x_wconf 62' lang='lat' dir='ltr'><strong>massere</strong></span> <span class='ocrx_word' id='word_1_243' title='bbox 558 2531 605 2588; x_wconf 85' lang='lat' dir='ltr'><strong>die</strong></span> <span class='ocrx_word' id='word_1_244' title='bbox 627 2529 833 2588; x_wconf 76' lang='lat' dir='ltr'><strong>Zebomo&#39;ooer</strong></span> <span class='ocrx_word' id='word_1_245' title='bbox 857 2531 901 2588; x_wconf 83' lang='lat' dir='ltr'><strong>bei</strong></span> <span class='ocrx_word' id='word_1_246' title='bbox 928 2531 1005 2590; x_wconf 78' lang='lat' dir='ltr'><strong>olleo</strong></span> <span class='ocrx_word' id='word_1_247' title='bbox 1028 2530 1160 2604; x_wconf 65' lang='lat' dir='ltr'><strong>Dinpen,</strong></span> <span class='ocrx_word' id='word_1_248' title='bbox 1186 2532 1258 2589; x_wconf 76' lang='lat' dir='ltr'><strong>dher</strong></span> <span class='ocrx_word' id='word_1_249' title='bbox 1280 2531 1327 2589; x_wconf 83' lang='lat' dir='ltr'><strong>die</strong></span> <span class='ocrx_word' id='word_1_250' title='bbox 1351 2532 1413 2589; x_wconf 71' lang='grc' dir='ltr'><strong><em>ον’νο</em></strong></span> <span class='ocrx_word' id='word_1_251' title='bbox 1436 2530 1594 2604; x_wconf 75' lang='lat' dir='ltr'><strong>Beratunq</strong></span> 
     </span>
     <span class='ocr_line' id='line_1_24' title="bbox 274 2627 1593 2704; baseline -0.001 -17"><span class='ocrx_word' id='word_1_252' title='bbox 274 2629 354 2702; x_wconf 71' lang='lat' dir='ltr'><strong>solip</strong></span> <span class='ocrx_word' id='word_1_253' title='bbox 376 2629 421 2704; x_wconf 82' lang='lat' dir='ltr'><strong>ist,</strong></span> <span class='ocrx_word' id='word_1_254' title='bbox 445 2629 492 2687; x_wconf 81' lang='lat' dir='ltr'><strong>die</strong></span> <span class='ocrx_word' id='word_1_255' title='bbox 514 2627 577 2686; x_wconf 82' lang='lat' dir='ltr'><strong>also</strong></span> <span class='ocrx_word' id='word_1_256' title='bbox 599 2629 678 2686; x_wconf 78' lang='lat' dir='ltr'><strong>eiobt</strong></span> <span class='ocrx_word' id='word_1_257' title='bbox 699 2629 751 2700; x_wconf 69' lang='grc' dir='ltr'><strong>[ον</strong></span> <span class='ocrx_word' id='word_1_258' title='bbox 773 2629 877 2687; x_wconf 79' lang='lat' dir='ltr'><strong>immor</strong></span> <span class='ocrx_word' id='word_1_259' title='bbox 898 2630 1059 2702; x_wconf 80' lang='lat' dir='ltr'><strong>feststebers,</strong></span> <span class='ocrx_word' id='word_1_260' title='bbox 1083 2630 1145 2688; x_wconf 80' lang='lat' dir='ltr'><strong>eine</strong></span> <span class='ocrx_word' id='word_1_261' title='bbox 1165 2629 1388 2700; x_wconf 74' lang='lat' dir='ltr'><strong>Versammluny</strong></span> <span class='ocrx_word' id='word_1_262' title='bbox 1410 2627 1463 2686; x_wconf 82' lang='lat' dir='ltr'><strong>der</strong></span> <span class='ocrx_word' id='word_1_263' title='bbox 1485 2627 1593 2686; x_wconf 82' lang='lat' dir='ltr'><strong>Hieroi</strong></span> 
     </span>
     <span class='ocr_line' id='line_1_25' title="bbox 275 2721 1594 2800; baseline -0.002 -16"><span class='ocrx_word' id='word_1_264' title='bbox 275 2727 406 2799; x_wconf 75' lang='lat' dir='ltr'><strong>terefora,</strong></span> <span class='ocrx_word' id='word_1_265' title='bbox 428 2726 491 2784; x_wconf 77' lang='lat' dir='ltr'><strong>und</strong></span> <span class='ocrx_word' id='word_1_266' title='bbox 513 2727 560 2785; x_wconf 83' lang='lat' dir='ltr'><strong>dte</strong></span> <span class='ocrx_word' id='word_1_267' title='bbox 583 2727 729 2784; x_wconf 75' lang='lat' dir='ltr'><strong>Mebrbeit</strong></span> <span class='ocrx_word' id='word_1_268' title='bbox 751 2726 899 2784; x_wconf 78' lang='lat' dir='ltr'><strong>derselbee</strong></span> <span class='ocrx_word' id='word_1_269' title='bbox 923 2721 1111 2786; x_wconf 79' lang='lat' dir='ltr'><strong>ontscheidet.&#39;</strong></span> <span class='ocrx_word' id='word_1_270' title='bbox 1153 2725 1219 2794; x_wconf 83' lang='lat' dir='ltr'><strong>Qua</strong></span> <span class='ocrx_word' id='word_1_271' title='bbox 1241 2728 1273 2784; x_wconf 92' lang='lat' dir='ltr'><strong>in</strong></span> <span class='ocrx_word' id='word_1_272' title='bbox 1297 2743 1328 2785; x_wconf 91' lang='lat' dir='ltr'><strong>re</strong></span> <span class='ocrx_word' id='word_1_273' title='bbox 1350 2726 1423 2784; x_wconf 90' lang='lat' dir='ltr'><strong>baeo</strong></span> <span class='ocrx_word' id='word_1_274' title='bbox 1446 2725 1594 2800; x_wconf 81' lang='lat' dir='ltr'><strong>mysteria</strong></span> 
     </span>
     <span class='ocr_line' id='line_1_26' title="bbox 275 2822 1594 2900; baseline -0.002 -17"><span class='ocrx_word' id='word_1_275' title='bbox 275 2824 363 2884; x_wconf 85' lang='lat' dir='ltr'><strong>valde</strong></span> <span class='ocrx_word' id='word_1_276' title='bbox 386 2823 563 2883; x_wconf 82' lang='lat' dir='ltr'><strong>differebant</strong></span> <span class='ocrx_word' id='word_1_277' title='bbox 588 2824 625 2882; x_wconf 88' lang='lat' dir='ltr'><strong>ab</strong></span> <span class='ocrx_word' id='word_1_278' title='bbox 647 2823 817 2897; x_wconf 84' lang='lat' dir='ltr'><strong>Eleusiniis,</strong></span> <span class='ocrx_word' id='word_1_279' title='bbox 840 2843 967 2900; x_wconf 89' lang='lat' dir='ltr'><strong>quorum</strong></span> <span class='ocrx_word' id='word_1_280' title='bbox 990 2825 1162 2900; x_wconf 87' lang='lat' dir='ltr'><strong>epimeletss</strong></span> <span class='ocrx_word' id='word_1_281' title='bbox 1185 2826 1292 2883; x_wconf 89' lang='lat' dir='ltr'><strong>merito</strong></span> <span class='ocrx_word' id='word_1_282' title='bbox 1316 2843 1382 2882; x_wconf 92' lang='lat' dir='ltr'><strong>oum</strong></span> <span class='ocrx_word' id='word_1_283' title='bbox 1405 2823 1452 2882; x_wconf 90' lang='lat' dir='ltr'><strong>bis</strong></span> <span class='ocrx_word' id='word_1_284' title='bbox 1476 2822 1594 2882; x_wconf 83' lang='lat' dir='ltr'><strong>desem·</strong></span> 
     </span>
     <span class='ocr_line' id='line_1_27' title="bbox 277 2919 1593 2999; baseline -0.002 -19"><span class='ocrx_word' id='word_1_285' title='bbox 277 2922 349 2981; x_wconf 85' lang='lat' dir='ltr'><strong>viris</strong></span> <span class='ocrx_word' id='word_1_286' title='bbox 377 2923 564 2997; x_wconf 79' lang='lat' dir='ltr'><strong>comparavit</strong></span> <span class='ocrx_word' id='word_1_287' title='bbox 592 2921 734 2995; x_wconf 71' lang='lat' dir='ltr'><strong>Fontem,</strong></span> <span class='ocrx_word' id='word_1_288' title='bbox 766 2920 819 2980; x_wconf 89' lang='lat' dir='ltr'><strong>ubi</strong></span> <span class='ocrx_word' id='word_1_289' title='bbox 850 2924 951 2981; x_wconf 87' lang='lat' dir='ltr'><strong>tamen</strong></span> <span class='ocrx_word' id='word_1_290' title='bbox 978 2922 1172 2999; x_wconf 83' lang='lat' dir='ltr'><strong>magistratus</strong></span> <span class='ocrx_word' id='word_1_291' title='bbox 1195 2922 1243 2980; x_wconf 87' lang='lat' dir='ltr'><strong>vel</strong></span> <span class='ocrx_word' id='word_1_292' title='bbox 1271 2927 1392 2980; x_wconf 88' lang='lat' dir='ltr'><strong>senatus</strong></span> <span class='ocrx_word' id='word_1_293' title='bbox 1419 2919 1506 2997; x_wconf 81' lang='grc' dir='ltr'><strong><em>ἱερῶν</em></strong></span> <span class='ocrx_word' id='word_1_294' title='bbox 1529 2921 1593 2978; x_wconf 86' lang='lat' dir='ltr'><strong>An-</strong></span> 
     </span>
     <span class='ocr_line' id='line_1_28' title="bbox 276 3017 1594 3097; baseline -0.002 -18"><span class='ocrx_word' id='word_1_295' title='bbox 276 3019 434 3079; x_wconf 86' lang='lat' dir='ltr'><strong>daniorum</strong></span> <span class='ocrx_word' id='word_1_296' title='bbox 458 3020 564 3080; x_wconf 90' lang='lat' dir='ltr'><strong>similis</strong></span> <span class='ocrx_word' id='word_1_297' title='bbox 588 3019 679 3079; x_wconf 82' lang='lat' dir='ltr'><strong>deest.</strong></span> <span class='ocrx_word' id='word_1_298' title='bbox 725 3019 838 3079; x_wconf 78' lang='lat' dir='ltr'><strong>Contra</strong></span> <span class='ocrx_word' id='word_1_299' title='bbox 861 3017 1019 3097; x_wconf 78' lang='lat' dir='ltr'><strong>Olympiae</strong></span> <span class='ocrx_word' id='word_1_300' title='bbox 1043 3021 1102 3079; x_wconf 85' lang='lat' dir='ltr'><strong>fuit</strong></span> <span class='ocrx_word' id='word_1_301' title='bbox 1129 3023 1248 3096; x_wconf 89' lang='lat' dir='ltr'><strong>praeter</strong></span> <span class='ocrx_word' id='word_1_302' title='bbox 1270 3019 1474 3078; x_wconf 89' lang='lat' dir='ltr'><strong>hellanodioas</strong></span> <span class='ocrx_word' id='word_1_303' title='bbox 1498 3019 1594 3077; x_wconf 87' lang='lat' dir='ltr'><strong>etiam</strong></span> 
     </span>
     <span class='ocr_line' id='line_1_29' title="bbox 276 3110 1596 3199; baseline -0.003 -21"><span class='ocrx_word' id='word_1_304' title='bbox 276 3121 396 3178; x_wconf 87' lang='lat' dir='ltr'><strong>senatus</strong></span> <span class='ocrx_word' id='word_1_305' title='bbox 420 3111 523 3198; x_wconf 82' lang='lat' dir='ltr'><strong>(Paus.</strong></span> <span class='ocrx_word' id='word_1_306' title='bbox 547 3117 591 3176; x_wconf 87' lang='lat' dir='ltr'><strong>VI</strong></span> <span class='ocrx_word' id='word_1_307' title='bbox 616 3120 644 3192; x_wconf 87' lang='lat'><strong>3,</strong></span> <span class='ocrx_word' id='word_1_308' title='bbox 661 3110 708 3199; x_wconf 84' lang='lat'><strong>7),</strong></span> <span class='ocrx_word' id='word_1_309' title='bbox 740 3119 824 3177; x_wconf 86' lang='lat' dir='ltr'><strong>auius</strong></span> <span class='ocrx_word' id='word_1_310' title='bbox 855 3121 957 3176; x_wconf 89' lang='lat' dir='ltr'><strong>tamen</strong></span> <span class='ocrx_word' id='word_1_311' title='bbox 985 3136 1043 3177; x_wconf 91' lang='lat' dir='ltr'><strong>non</strong></span> <span class='ocrx_word' id='word_1_312' title='bbox 1071 3120 1174 3177; x_wconf 90' lang='lat' dir='ltr'><strong>tantae</strong></span> <span class='ocrx_word' id='word_1_313' title='bbox 1200 3119 1302 3193; x_wconf 89' lang='lat' dir='ltr'><strong>partes</strong></span> <span class='ocrx_word' id='word_1_314' title='bbox 1330 3117 1421 3175; x_wconf 79' lang='lat' dir='ltr'><strong>brisso</strong></span> <span class='ocrx_word' id='word_1_315' title='bbox 1450 3114 1596 3174; x_wconf 83' lang='lat' dir='ltr'><strong>videntur</strong></span> 
     </span>
     <span class='ocr_line' id='line_1_30' title="bbox 277 3213 1594 3296; baseline -0.002 -22"><span class='ocrx_word' id='word_1_316' title='bbox 277 3218 408 3291; x_wconf 88' lang='lat' dir='ltr'><strong>quantae</strong></span> <span class='ocrx_word' id='word_1_317' title='bbox 432 3224 490 3274; x_wconf 85' lang='grc' dir='ltr'><strong>τῶν</strong></span> <span class='ocrx_word' id='word_1_318' title='bbox 518 3215 620 3296; x_wconf 74' lang='grc' dir='ltr'><strong><em>ἱερῶνς</em></strong></span> <span class='ocrx_word' id='word_1_319' title='bbox 648 3216 758 3274; x_wconf 85' lang='lat' dir='ltr'><strong>itomm</strong></span> <span class='ocrx_word' id='word_1_320' title='bbox 785 3215 1039 3276; x_wconf 87' lang='lat' dir='ltr'><strong>hellanodioorum</strong></span> <span class='ocrx_word' id='word_1_321' title='bbox 1061 3217 1195 3291; x_wconf 90' lang='lat' dir='ltr'><strong>potestas</strong></span> <span class='ocrx_word' id='word_1_322' title='bbox 1218 3217 1315 3272; x_wconf 88' lang='lat' dir='ltr'><strong>maior</strong></span> <span class='ocrx_word' id='word_1_323' title='bbox 1337 3217 1403 3272; x_wconf 89' lang='lat' dir='ltr'><strong>erat</strong></span> <span class='ocrx_word' id='word_1_324' title='bbox 1426 3232 1515 3289; x_wconf 89' lang='lat' dir='ltr'><strong>quam</strong></span> <span class='ocrx_word' id='word_1_325' title='bbox 1540 3213 1594 3271; x_wconf 87' lang='lat' dir='ltr'><strong>de·</strong></span> 
     </span>
     <span class='ocr_line' id='line_1_31' title="bbox 277 3305 674 3393; baseline -0.005 -20"><span class='ocrx_word' id='word_1_326' title='bbox 277 3315 440 3373; x_wconf 84' lang='lat' dir='ltr'><strong>oemvirum</strong></span> <span class='ocrx_word' id='word_1_327' title='bbox 462 3305 674 3393; x_wconf 74' lang='lat' dir='ltr'><strong>Andaniae.⁷⁶)</strong></span> 
     </span>
    </p>
   </div>
   <div class='ocr_carea' id='block_1_5' title="bbox 276 3418 1597 3893">
    <p class='ocr_par' dir='ltr' id='par_1_5' title="bbox 276 3418 1597 3893">
     <span class='ocr_line' id='line_1_32' title="bbox 367 3418 1595 3498; baseline -0.001 -20"><span class='ocrx_word' id='word_1_328' title='bbox 367 3421 434 3479; x_wconf 90' lang='lat' dir='ltr'><strong>Una</strong></span> <span class='ocrx_word' id='word_1_329' title='bbox 464 3440 531 3480; x_wconf 90' lang='lat' dir='ltr'><strong>oum</strong></span> <span class='ocrx_word' id='word_1_330' title='bbox 560 3421 648 3498; x_wconf 79' lang='grc' dir='ltr'><strong><em>ἱεροῖς</em></strong></span> <span class='ocrx_word' id='word_1_331' title='bbox 676 3423 945 3480; x_wconf 82' lang='lat' dir='ltr'><strong>commemorantur</strong></span> <span class='ocrx_word' id='word_1_332' title='bbox 976 3419 1077 3497; x_wconf 77' lang='grc' dir='ltr'><strong><em>ἱεραί.</em></strong></span> <span class='ocrx_word' id='word_1_333' title='bbox 1127 3419 1190 3479; x_wconf 91' lang='lat' dir='ltr'><strong>Has</strong></span> <span class='ocrx_word' id='word_1_334' title='bbox 1218 3437 1336 3495; x_wconf 89' lang='lat' dir='ltr'><strong>quoque</strong></span> <span class='ocrx_word' id='word_1_335' title='bbox 1369 3420 1448 3477; x_wconf 89' lang='lat' dir='ltr'><strong>sorte</strong></span> <span class='ocrx_word' id='word_1_336' title='bbox 1480 3418 1595 3477; x_wconf 83' lang='lat' dir='ltr'><strong>electas</strong></span> 
     </span>
     <span class='ocr_line' id='line_1_33' title="bbox 278 3509 1595 3600; baseline -0.003 -22"><span class='ocrx_word' id='word_1_337' title='bbox 278 3537 341 3578; x_wconf 90' lang='lat' dir='ltr'><strong>esse</strong></span> <span class='ocrx_word' id='word_1_338' title='bbox 363 3521 427 3578; x_wconf 92' lang='lat' dir='ltr'><strong>tam</strong></span> <span class='ocrx_word' id='word_1_339' title='bbox 452 3523 604 3578; x_wconf 89' lang='lat' dir='ltr'><strong>matronas</strong></span> <span class='ocrx_word' id='word_1_340' title='bbox 628 3511 669 3600; x_wconf 89' lang='lat' dir='ltr'><strong>(v.</strong></span> <span class='ocrx_word' id='word_1_341' title='bbox 690 3520 708 3577; x_wconf 87' lang='lat'><em>8</em></span> <span class='ocrx_word' id='word_1_342' title='bbox 733 3520 764 3577; x_wconf 86' lang='lat' dir='ltr'><strong>et</strong></span> <span class='ocrx_word' id='word_1_343' title='bbox 785 3511 840 3600; x_wconf 84' lang='lat'><strong>19)</strong></span> <span class='ocrx_word' id='word_1_344' title='bbox 872 3537 961 3595; x_wconf 90' lang='lat' dir='ltr'><strong>quam</strong></span> <span class='ocrx_word' id='word_1_345' title='bbox 988 3518 1120 3594; x_wconf 80' lang='lat' dir='ltr'><strong>virgines</strong></span> <span class='ocrx_word' id='word_1_346' title='bbox 1143 3510 1184 3598; x_wconf 85' lang='lat' dir='ltr'><strong>(v.</strong></span> <span class='ocrx_word' id='word_1_347' title='bbox 1205 3509 1262 3596; x_wconf 79' lang='lat'><strong>20)</strong></span> <span class='ocrx_word' id='word_1_348' title='bbox 1290 3519 1324 3574; x_wconf 89' lang='lat' dir='ltr'><strong>ut</strong></span> <span class='ocrx_word' id='word_1_349' title='bbox 1347 3515 1467 3592; x_wconf 85' lang='lat' dir='ltr'><strong>Sauppe</strong></span> <span class='ocrx_word' id='word_1_350' title='bbox 1490 3517 1595 3574; x_wconf 83' lang='lat' dir='ltr'><strong>existi·</strong></span> 
     </span>
     <span class='ocr_line' id='line_1_34' title="bbox 277 3612 1596 3693; baseline -0.002 -18"><span class='ocrx_word' id='word_1_351' title='bbox 277 3619 435 3676; x_wconf 84' lang='lat' dir='ltr'><strong>mavit-</strong></span> <span class='ocrx_word' id='word_1_352' title='bbox 454 3617 553 3692; x_wconf 86' lang='lat' dir='ltr'><strong>ceteri,</strong></span> <span class='ocrx_word' id='word_1_353' title='bbox 577 3617 649 3693; x_wconf 89' lang='lat' dir='ltr'><strong>quid</strong></span> <span class='ocrx_word' id='word_1_354' title='bbox 673 3619 825 3691; x_wconf 85' lang='lat' dir='ltr'><strong>sentirent,</strong></span> <span class='ocrx_word' id='word_1_355' title='bbox 848 3635 955 3693; x_wconf 90' lang='lat' dir='ltr'><strong>parum</strong></span> <span class='ocrx_word' id='word_1_356' title='bbox 979 3619 1080 3693; x_wconf 87' lang='lat' dir='ltr'><strong>aperte</strong></span> <span class='ocrx_word' id='word_1_357' title='bbox 1100 3615 1373 3692; x_wconf 84' lang='lat' dir='ltr'><strong>pronuntiaverunt</strong></span> <span class='ocrx_word' id='word_1_358' title='bbox 1390 3644 1435 3654; x_wconf 92' lang='lat'>—</span> <span class='ocrx_word' id='word_1_359' title='bbox 1453 3612 1596 3687; x_wconf 89' lang='lat' dir='ltr'><strong>equidem</strong></span> 
     </span>
     <span class='ocr_line' id='line_1_35' title="bbox 276 3704 1597 3794; baseline -0.003 -21"><span class='ocrx_word' id='word_1_360' title='bbox 276 3715 454 3792; x_wconf 90' lang='lat' dir='ltr'><strong>persuadere</strong></span> <span class='ocrx_word' id='word_1_361' title='bbox 482 3715 557 3773; x_wconf 91' lang='lat' dir='ltr'><strong>mihi</strong></span> <span class='ocrx_word' id='word_1_362' title='bbox 584 3734 706 3790; x_wconf 90' lang='lat' dir='ltr'><strong>nequeo.</strong></span> <span class='ocrx_word' id='word_1_363' title='bbox 753 3715 858 3790; x_wconf 88' lang='lat' dir='ltr'><strong>Neque</strong></span> <span class='ocrx_word' id='word_1_364' title='bbox 886 3715 917 3773; x_wconf 92' lang='lat' dir='ltr'><strong>id</strong></span> <span class='ocrx_word' id='word_1_365' title='bbox 940 3734 956 3772; x_wconf 95' lang='lat' dir='ltr'><strong>e</strong></span> <span class='ocrx_word' id='word_1_366' title='bbox 979 3734 1006 3774; x_wconf 86' lang='lat' dir='ltr'><strong>v.</strong></span> <span class='ocrx_word' id='word_1_367' title='bbox 1029 3716 1070 3774; x_wconf 91' lang='lat'><strong>10</strong></span> <span class='ocrx_word' id='word_1_368' title='bbox 1094 3704 1140 3794; x_wconf 79' lang='lat' dir='ltr'><strong>(ol</strong></span> <span class='ocrx_word' id='word_1_369' title='bbox 1165 3709 1197 3772; x_wconf 82' lang='grc' dir='ltr'><strong>δὲ</strong></span> <span class='ocrx_word' id='word_1_370' title='bbox 1224 3707 1414 3792; x_wconf 68' lang='grc' dir='ltr'><strong><em>γεγενημένοι</em></strong></span> <span class='ocrx_word' id='word_1_371' title='bbox 1441 3708 1514 3790; x_wconf 82' lang='grc' dir='ltr'><strong><em>ἱεροὶ</em></strong></span> <span class='ocrx_word' id='word_1_372' title='bbox 1542 3709 1597 3770; x_wconf 75' lang='grc' dir='ltr'><strong>καὶ</strong></span> 
     </span>
     <span class='ocr_line' id='line_1_36' title="bbox 278 3804 1597 3893; baseline -0.002 -22"><span class='ocrx_word' id='word_1_373' title='bbox 278 3809 355 3893; x_wconf 70' lang='grc' dir='ltr'><strong><em>ἱεραὶ</em></strong></span> <span class='ocrx_word' id='word_1_374' title='bbox 377 3804 450 3892; x_wconf 77' lang='grc' dir='ltr'>κτλ.)</span> <span class='ocrx_word' id='word_1_375' title='bbox 479 3815 533 3872; x_wconf 86' lang='lat' dir='ltr'><strong>sut</strong></span> <span class='ocrx_word' id='word_1_376' title='bbox 555 3832 582 3872; x_wconf 87' lang='lat' dir='ltr'><strong>v.</strong></span> <span class='ocrx_word' id='word_1_377' title='bbox 604 3815 665 3872; x_wconf 83' lang='lat'><strong>117</strong></span> <span class='ocrx_word' id='word_1_378' title='bbox 691 3805 762 3893; x_wconf 80' lang='grc' dir='ltr'><strong>(πρὸ</strong></span> <span class='ocrx_word' id='word_1_379' title='bbox 786 3821 838 3872; x_wconf 83' lang='grc' dir='ltr'><strong>τοῦ</strong></span> <span class='ocrx_word' id='word_1_380' title='bbox 862 3809 914 3872; x_wconf 81' lang='grc' dir='ltr'><strong>τὸν</strong></span> <span class='ocrx_word' id='word_1_381' title='bbox 936 3811 1040 3891; x_wconf 82' lang='grc' dir='ltr'><strong><em>καιρὸν</em></strong></span> <span class='ocrx_word' id='word_1_382' title='bbox 1064 3819 1123 3870; x_wconf 77' lang='grc' dir='ltr'><strong>τῶν</strong></span> <span class='ocrx_word' id='word_1_383' title='bbox 1146 3809 1233 3890; x_wconf 79' lang='grc' dir='ltr'><strong><em>ἱερῶν</em></strong></span> <span class='ocrx_word' id='word_1_384' title='bbox 1255 3806 1306 3868; x_wconf 81' lang='grc' dir='ltr'><strong>καὶ</strong></span> <span class='ocrx_word' id='word_1_385' title='bbox 1332 3817 1386 3869; x_wconf 81' lang='grc' dir='ltr'><strong>τᾶν</strong></span> <span class='ocrx_word' id='word_1_386' title='bbox 1409 3808 1491 3886; x_wconf 81' lang='grc' dir='ltr'><strong><em>ἱερᾶν</em></strong></span> <span class='ocrx_word' id='word_1_387' title='bbox 1513 3809 1597 3886; x_wconf 78' lang='grc' dir='ltr'><strong><em>γίνε-</em></strong></span> 
     </span>
    </p>
   </div>
   <div class='ocr_carea' id='block_1_6' title="bbox 278 4049 1596 4284">
    <p class='ocr_par' dir='ltr' id='par_1_6' title="bbox 278 4049 1596 4284">
     <span class='ocr_line' id='line_1_37' title="bbox 278 4049 1596 4120; baseline -0.002 -14"><span class='ocrx_word' id='word_1_388' title='bbox 278 4072 302 4108; x_wconf 89' lang='lat' dir='ltr'><strong>v.</strong></span> <span class='ocrx_word' id='word_1_389' title='bbox 318 4060 352 4107; x_wconf 79' lang='lat'><strong>26</strong></span> <span class='ocrx_word' id='word_1_390' title='bbox 372 4054 408 4107; x_wconf 90' lang='lat' dir='ltr'><strong>de</strong></span> <span class='ocrx_word' id='word_1_391' title='bbox 425 4054 487 4108; x_wconf 86' lang='lat' dir='ltr'><strong>loeo</strong></span> <span class='ocrx_word' id='word_1_392' title='bbox 505 4053 556 4107; x_wconf 92' lang='lat' dir='ltr'><strong>ubi</strong></span> <span class='ocrx_word' id='word_1_393' title='bbox 574 4053 697 4108; x_wconf 86' lang='lat' dir='ltr'><strong>tentoria</strong></span> <span class='ocrx_word' id='word_1_394' title='bbox 716 4069 811 4108; x_wconf 90' lang='lat' dir='ltr'><strong>eorum</strong></span> <span class='ocrx_word' id='word_1_395' title='bbox 826 4053 903 4106; x_wconf 92' lang='lat' dir='ltr'><strong>sunt:</strong></span> <span class='ocrx_word' id='word_1_396' title='bbox 923 4050 1087 4119; x_wconf 77' lang='grc' dir='ltr'><strong><em>παρερπέτω</em></strong></span> <span class='ocrx_word' id='word_1_397' title='bbox 1102 4051 1205 4120; x_wconf 73' lang='grc' dir='ltr'><strong><em>μηθεὶς</em></strong></span> <span class='ocrx_word' id='word_1_398' title='bbox 1218 4049 1353 4119; x_wconf 71' lang='grc' dir='ltr'><strong>ἀμύητοςς</strong></span> <span class='ocrx_word' id='word_1_399' title='bbox 1372 4065 1423 4102; x_wconf 91' lang='lat' dir='ltr'><strong>neo</strong></span> <span class='ocrx_word' id='word_1_400' title='bbox 1439 4066 1463 4102; x_wconf 82' lang='lat' dir='ltr'><strong>v.</strong></span> <span class='ocrx_word' id='word_1_401' title='bbox 1480 4055 1512 4101; x_wconf 86' lang='grc'>13</span> <span class='ocrx_word' id='word_1_402' title='bbox 1533 4066 1596 4104; x_wconf 79' lang='grc' dir='ltr'><strong><em>ονε-</em></strong></span> 
     </span>
     <span class='ocr_line' id='line_1_38' title="bbox 279 4128 1595 4204; baseline -0.002 -18"><span class='ocrx_word' id='word_1_403' title='bbox 279 4132 390 4202; x_wconf 82' lang='grc' dir='ltr'><strong><em>φοίνονς</em></strong></span> <span class='ocrx_word' id='word_1_404' title='bbox 409 4135 439 4189; x_wconf 77' lang='grc' dir='ltr'><strong>δὲ</strong></span> <span class='ocrx_word' id='word_1_405' title='bbox 459 4131 561 4204; x_wconf 75' lang='grc' dir='ltr'><strong><em>ἐχόντω</em></strong></span> <span class='ocrx_word' id='word_1_406' title='bbox 581 4133 608 4188; x_wconf 84' lang='lat' dir='ltr'><strong>ol</strong></span> <span class='ocrx_word' id='word_1_407' title='bbox 632 4134 683 4203; x_wconf 80' lang='grc' dir='ltr'><strong>μὲν</strong></span> <span class='ocrx_word' id='word_1_408' title='bbox 703 4132 774 4201; x_wconf 74' lang='grc' dir='ltr'><strong><em>ἱεροὶ</em></strong></span> <span class='ocrx_word' id='word_1_409' title='bbox 793 4163 827 4173; x_wconf 92' lang='grc'><strong>-</strong></span> <span class='ocrx_word' id='word_1_410' title='bbox 847 4163 880 4172; x_wconf 88' lang='grc'><strong>-</strong></span> <span class='ocrx_word' id='word_1_411' title='bbox 901 4163 934 4172; x_wconf 82' lang='grc'><strong>-</strong></span> <span class='ocrx_word' id='word_1_412' title='bbox 953 4140 1008 4186; x_wconf 84' lang='grc' dir='ltr'><strong>τῶν</strong></span> <span class='ocrx_word' id='word_1_413' title='bbox 1027 4132 1059 4186; x_wconf 77' lang='grc' dir='ltr'><strong>δὲ</strong></span> <span class='ocrx_word' id='word_1_414' title='bbox 1077 4129 1249 4200; x_wconf 74' lang='grc' dir='ltr'><strong><em>τελουμένων</em></strong></span> <span class='ocrx_word' id='word_1_415' title='bbox 1268 4128 1296 4184; x_wconf 83' lang='lat' dir='ltr'><strong>ol</strong></span> <span class='ocrx_word' id='word_1_416' title='bbox 1320 4129 1514 4197; x_wconf 72' lang='grc' dir='ltr'><strong><em>πρωτομύονοι</em></strong></span> <span class='ocrx_word' id='word_1_417' title='bbox 1535 4133 1595 4183; x_wconf 79' lang='grc' dir='ltr'><strong><em>κτλ.</em></strong></span> 
     </span>
     <span class='ocr_line' id='line_1_39' title="bbox 279 4211 1086 4284; baseline -0.002 -18"><span class='ocrx_word' id='word_1_418' title='bbox 279 4213 309 4266; x_wconf 89' lang='lat' dir='ltr'><strong>in</strong></span> <span class='ocrx_word' id='word_1_419' title='bbox 327 4213 496 4268; x_wconf 82' lang='lat' dir='ltr'><strong>eontrarium</strong></span> <span class='ocrx_word' id='word_1_420' title='bbox 514 4217 622 4284; x_wconf 85' lang='lat' dir='ltr'><strong>partem</strong></span> <span class='ocrx_word' id='word_1_421' title='bbox 644 4213 736 4267; x_wconf 86' lang='lat' dir='ltr'><strong>valere</strong></span> <span class='ocrx_word' id='word_1_422' title='bbox 753 4229 836 4283; x_wconf 89' lang='lat' dir='ltr'><strong>posse</strong></span> <span class='ocrx_word' id='word_1_423' title='bbox 855 4213 914 4267; x_wconf 86' lang='lat' dir='ltr'><strong>iam</strong></span> <span class='ocrx_word' id='word_1_424' title='bbox 932 4212 1042 4266; x_wconf 88' lang='lat' dir='ltr'><strong>monuit</strong></span> <span class='ocrx_word' id='word_1_425' title='bbox 1061 4211 1086 4265; x_wconf 85' lang='lat' dir='ltr'><strong>S.</strong></span> 
     </span>
    </p>
   </div>
   <div class='ocr_carea' id='block_1_7' title="bbox 280 4297 1599 4951">
    <p class='ocr_par' dir='ltr' id='par_1_7' title="bbox 280 4297 1596 4452">
     <span class='ocr_line' id='line_1_40' title="bbox 352 4297 1596 4372; baseline -0.004 -15"><span class='ocrx_word' id='word_1_426' title='bbox 352 4305 396 4372; x_wconf 77' lang='grc'><strong>71)</strong></span> <span class='ocrx_word' id='word_1_427' title='bbox 424 4301 459 4357; x_wconf 82' lang='lat' dir='ltr'><strong>oi.</strong></span> <span class='ocrx_word' id='word_1_428' title='bbox 479 4309 494 4369; x_wconf 69' lang='grc' dir='ltr'><strong>ς</strong></span> <span class='ocrx_word' id='word_1_429' title='bbox 514 4309 618 4358; x_wconf 80' lang='lat'>14-16</span> <span class='ocrx_word' id='word_1_430' title='bbox 638 4306 667 4357; x_wconf 90' lang='lat' dir='ltr'><strong>et</strong></span> <span class='ocrx_word' id='word_1_431' title='bbox 686 4309 702 4369; x_wconf 68' lang='grc' dir='ltr'><strong>ξ</strong></span> <span class='ocrx_word' id='word_1_432' title='bbox 722 4307 840 4368; x_wconf 76' lang='lat'><strong>20-233</strong></span> <span class='ocrx_word' id='word_1_433' title='bbox 865 4301 1050 4356; x_wconf 79' lang='lat' dir='ltr'><strong>communitor</strong></span> <span class='ocrx_word' id='word_1_434' title='bbox 1073 4304 1168 4354; x_wconf 88' lang='lat' dir='ltr'><strong>autem</strong></span> <span class='ocrx_word' id='word_1_435' title='bbox 1189 4299 1235 4353; x_wconf 89' lang='lat' dir='ltr'><strong>ius</strong></span> <span class='ocrx_word' id='word_1_436' title='bbox 1253 4298 1399 4364; x_wconf 74' lang='lat' dir='ltr'><strong>dicebant,</strong></span> <span class='ocrx_word' id='word_1_437' title='bbox 1423 4297 1498 4351; x_wconf 92' lang='lat' dir='ltr'><strong>unde</strong></span> <span class='ocrx_word' id='word_1_438' title='bbox 1518 4315 1542 4350; x_wconf 83' lang='lat' dir='ltr'><strong>v.</strong></span> <span class='ocrx_word' id='word_1_439' title='bbox 1557 4303 1596 4352; x_wconf 74' lang='lat'><strong>44</strong></span> 
     </span>
     <span class='ocr_line' id='line_1_41' title="bbox 280 4377 1528 4452; baseline -0.004 -16"><span class='ocrx_word' id='word_1_440' title='bbox 280 4383 390 4450; x_wconf 75' lang='grc' dir='ltr'><strong>κριθεὶς</strong></span> <span class='ocrx_word' id='word_1_441' title='bbox 410 4383 456 4437; x_wconf 70' lang='grc' dir='ltr'><strong>ἐπὶ</strong></span> <span class='ocrx_word' id='word_1_442' title='bbox 473 4391 529 4438; x_wconf 85' lang='grc' dir='ltr'><strong>τῶν</strong></span> <span class='ocrx_word' id='word_1_443' title='bbox 548 4382 631 4452; x_wconf 74' lang='grc' dir='ltr'><strong><em>ἱερῶν</em></strong></span> <span class='ocrx_word' id='word_1_444' title='bbox 650 4385 679 4438; x_wconf 81' lang='lat' dir='ltr'><strong>et</strong></span> <span class='ocrx_word' id='word_1_445' title='bbox 697 4383 727 4436; x_wconf 91' lang='lat' dir='ltr'><strong>in</strong></span> <span class='ocrx_word' id='word_1_446' title='bbox 746 4381 878 4446; x_wconf 84' lang='lat' dir='ltr'><strong>extremis</strong></span> <span class='ocrx_word' id='word_1_447' title='bbox 897 4387 913 4448; x_wconf 65' lang='grc' dir='ltr'><strong>ξ</strong></span> <span class='ocrx_word' id='word_1_448' title='bbox 932 4385 1037 4434; x_wconf 77' lang='lat'>20-22</span> <span class='ocrx_word' id='word_1_449' title='bbox 1056 4381 1088 4436; x_wconf 85' lang='grc' dir='ltr'><strong>τὸ</strong></span> <span class='ocrx_word' id='word_1_450' title='bbox 1106 4379 1193 4448; x_wconf 74' lang='grc' dir='ltr'><strong><em>κρίμα</em></strong></span> <span class='ocrx_word' id='word_1_451' title='bbox 1211 4378 1279 4432; x_wconf 80' lang='grc' dir='ltr'><strong>ἔστω</strong></span> <span class='ocrx_word' id='word_1_452' title='bbox 1299 4378 1344 4432; x_wconf 73' lang='grc' dir='ltr'><strong>ἐπὶ</strong></span> <span class='ocrx_word' id='word_1_453' title='bbox 1363 4386 1418 4432; x_wconf 79' lang='grc' dir='ltr'><strong>τῶν</strong></span> <span class='ocrx_word' id='word_1_454' title='bbox 1437 4377 1528 4446; x_wconf 81' lang='grc' dir='ltr'><strong><em>ἱερῶν.</em></strong></span> 
     </span>
    </p>

    <p class='ocr_par' dir='ltr' id='par_1_8' title="bbox 281 4465 1597 4704">
     <span class='ocr_line' id='line_1_42' title="bbox 353 4465 1595 4539; baseline -0.003 -15"><span class='ocrx_word' id='word_1_455' title='bbox 353 4475 397 4539; x_wconf 79' lang='grc' dir='ltr'>7ο)</span> <span class='ocrx_word' id='word_1_456' title='bbox 425 4471 467 4524; x_wconf 86' lang='lat' dir='ltr'><strong>ita</strong></span> <span class='ocrx_word' id='word_1_457' title='bbox 485 4470 563 4525; x_wconf 88' lang='lat' dir='ltr'><strong>Dttb.</strong></span> <span class='ocrx_word' id='word_1_458' title='bbox 584 4472 620 4527; x_wconf 88' lang='lat' dir='ltr'><strong>ad</strong></span> <span class='ocrx_word' id='word_1_459' title='bbox 639 4490 663 4527; x_wconf 86' lang='lat' dir='ltr'><strong>v.</strong></span> <span class='ocrx_word' id='word_1_460' title='bbox 678 4479 726 4538; x_wconf 75' lang='lat'><strong>44,</strong></span> <span class='ocrx_word' id='word_1_461' title='bbox 745 4471 795 4525; x_wconf 92' lang='lat' dir='ltr'><strong>nbi</strong></span> <span class='ocrx_word' id='word_1_462' title='bbox 813 4471 969 4525; x_wconf 80' lang='lat' dir='ltr'><strong>rectissime</strong></span> <span class='ocrx_word' id='word_1_463' title='bbox 988 4471 1134 4537; x_wconf 82' lang='lat' dir='ltr'><strong>comparat</strong></span> <span class='ocrx_word' id='word_1_464' title='bbox 1152 4471 1280 4523; x_wconf 87' lang='lat' dir='ltr'><strong>senatum</strong></span> <span class='ocrx_word' id='word_1_465' title='bbox 1300 4465 1479 4536; x_wconf 83' lang='lat' dir='ltr'><strong>Olympicum</strong></span> <span class='ocrx_word' id='word_1_466' title='bbox 1499 4465 1595 4538; x_wconf 82' lang='lat' dir='ltr'><strong>(Pons.</strong></span> 
     </span>
     <span class='ocr_line' id='line_1_43' title="bbox 281 4544 1597 4620; baseline -0.002 -16"><span class='ocrx_word' id='word_1_467' title='bbox 281 4549 320 4604; x_wconf 85' lang='lat' dir='ltr'><strong>Vl</strong></span> <span class='ocrx_word' id='word_1_468' title='bbox 333 4555 360 4616; x_wconf 85' lang='grc'><strong>3,</strong></span> <span class='ocrx_word' id='word_1_469' title='bbox 371 4553 405 4619; x_wconf 91' lang='grc'><strong>7).</strong></span> <span class='ocrx_word' id='word_1_470' title='bbox 433 4550 515 4606; x_wconf 81' lang='lat' dir='ltr'><strong>Adde</strong></span> <span class='ocrx_word' id='word_1_471' title='bbox 533 4553 609 4620; x_wconf 87' lang='lat' dir='ltr'><strong>quod</strong></span> <span class='ocrx_word' id='word_1_472' title='bbox 627 4552 728 4606; x_wconf 87' lang='lat' dir='ltr'><strong>titulus</strong></span> <span class='ocrx_word' id='word_1_473' title='bbox 747 4552 809 4620; x_wconf 86' lang='lat' dir='ltr'><strong>ipsa</strong></span> <span class='ocrx_word' id='word_1_474' title='bbox 823 4557 838 4617; x_wconf 63' lang='grc' dir='ltr'><strong>ὃ</strong></span> <span class='ocrx_word' id='word_1_475' title='bbox 854 4556 887 4604; x_wconf 76' lang='lat'><strong>28</strong></span> <span class='ocrx_word' id='word_1_476' title='bbox 902 4550 1001 4604; x_wconf 82' lang='lat' dir='ltr'><strong>eodem</strong></span> <span class='ocrx_word' id='word_1_477' title='bbox 1019 4548 1102 4602; x_wconf 87' lang='lat' dir='ltr'><strong>modo</strong></span> <span class='ocrx_word' id='word_1_478' title='bbox 1122 4547 1272 4618; x_wconf 79' lang='lat' dir='ltr'><strong>distinguit</strong></span> <span class='ocrx_word' id='word_1_479' title='bbox 1291 4544 1343 4601; x_wconf 78' lang='lat' dir='ltr'><strong>dou</strong></span> <span class='ocrx_word' id='word_1_480' title='bbox 1356 4567 1394 4600; x_wconf 78' lang='lat' dir='ltr'><strong>aro</strong></span> <span class='ocrx_word' id='word_1_481' title='bbox 1413 4545 1597 4613; x_wconf 74' lang='grc' dir='ltr'><strong><em>ὃιοικήσωντι</em></strong></span> 
     </span>
     <span class='ocr_line' id='line_1_44' title="bbox 282 4629 909 4704; baseline 0.003 -21"><span class='ocrx_word' id='word_1_482' title='bbox 282 4629 313 4684; x_wconf 80' lang='grc' dir='ltr'><strong>ἐν</strong></span> <span class='ocrx_word' id='word_1_483' title='bbox 333 4634 368 4704; x_wconf 80' lang='grc' dir='ltr'><strong>τᾷ</strong></span> <span class='ocrx_word' id='word_1_484' title='bbox 387 4631 545 4701; x_wconf 73' lang='grc' dir='ltr'><strong><em>παναγύρει</em></strong></span> <span class='ocrx_word' id='word_1_485' title='bbox 563 4629 580 4700; x_wconf 78' lang='grc' dir='ltr'><strong>ἢ</strong></span> <span class='ocrx_word' id='word_1_486' title='bbox 599 4629 804 4699; x_wconf 77' lang='grc' dir='ltr'><strong><em>κατακρίνωντί</em></strong></span> <span class='ocrx_word' id='word_1_487' title='bbox 821 4651 909 4694; x_wconf 77' lang='grc' dir='ltr'><strong><em>τινας.</em></strong></span> 
     </span>
    </p>

    <p class='ocr_par' dir='ltr' id='par_1_9' title="bbox 283 4714 1599 4951">
     <span class='ocr_line' id='line_1_45' title="bbox 354 4714 1598 4791; baseline -0.002 -19"><span class='ocrx_word' id='word_1_488' title='bbox 354 4723 398 4788; x_wconf 85' lang='grc'><strong>76)</strong></span> <span class='ocrx_word' id='word_1_489' title='bbox 421 4719 456 4773; x_wconf 87' lang='lat' dir='ltr'><strong>of.</strong></span> <span class='ocrx_word' id='word_1_490' title='bbox 468 4719 582 4791; x_wconf 79' lang='lat' dir='ltr'><strong>Stengel</strong></span> <span class='ocrx_word' id='word_1_491' title='bbox 597 4719 669 4776; x_wconf 81' lang='lat' dir='ltr'><strong>KA’</strong></span> <span class='ocrx_word' id='word_1_492' title='bbox 678 4739 705 4791; x_wconf 89' lang='lat' dir='ltr'><strong>p.</strong></span> <span class='ocrx_word' id='word_1_493' title='bbox 718 4726 778 4789; x_wconf 80' lang='grc'>174,</span> <span class='ocrx_word' id='word_1_494' title='bbox 793 4717 1077 4788; x_wconf 61' lang='lat' dir='ltr'><strong>Summanu-Lipsius</strong></span> <span class='ocrx_word' id='word_1_495' title='bbox 1094 4717 1200 4773; x_wconf 82' lang='lat' dir='ltr'><strong>Grieeb.</strong></span> <span class='ocrx_word' id='word_1_496' title='bbox 1211 4715 1304 4772; x_wconf 81' lang='lat' dir='ltr'><strong>AltlI</strong></span> <span class='ocrx_word' id='word_1_497' title='bbox 1317 4735 1345 4784; x_wconf 94' lang='lat' dir='ltr'><strong>p.</strong></span> <span class='ocrx_word' id='word_1_498' title='bbox 1356 4721 1437 4784; x_wconf 81' lang='lat' dir='ltr'><strong>64sq.</strong></span> <span class='ocrx_word' id='word_1_499' title='bbox 1463 4714 1598 4770; x_wconf 86' lang='lat' dir='ltr'><strong>Ceterum</strong></span> 
     </span>
     <span class='ocr_line' id='line_1_46' title="bbox 283 4794 1599 4871; baseline 0.001 -21"><span class='ocrx_word' id='word_1_500' title='bbox 283 4797 415 4854; x_wconf 88' lang='lat' dir='ltr'><strong>instituta</strong></span> <span class='ocrx_word' id='word_1_501' title='bbox 434 4798 566 4871; x_wconf 82' lang='lat' dir='ltr'><strong>Olympia</strong></span> <span class='ocrx_word' id='word_1_502' title='bbox 589 4817 678 4870; x_wconf 87' lang='lat' dir='ltr'><strong>aeque</strong></span> <span class='ocrx_word' id='word_1_503' title='bbox 697 4804 782 4870; x_wconf 90' lang='lat' dir='ltr'><strong>atque</strong></span> <span class='ocrx_word' id='word_1_504' title='bbox 801 4799 958 4865; x_wconf 84' lang='lat' dir='ltr'><strong>Eleusinia,</strong></span> <span class='ocrx_word' id='word_1_505' title='bbox 982 4815 1045 4853; x_wconf 86' lang='lat' dir='ltr'><strong>enm</strong></span> <span class='ocrx_word' id='word_1_506' title='bbox 1068 4798 1156 4852; x_wconf 83' lang='lat' dir='ltr'><strong>feriae</strong></span> <span class='ocrx_word' id='word_1_507' title='bbox 1174 4797 1321 4851; x_wconf 82' lang='lat' dir='ltr'><strong>Andaniae</strong></span> <span class='ocrx_word' id='word_1_508' title='bbox 1340 4794 1375 4849; x_wconf 90' lang='lat' dir='ltr'><strong>ab</strong></span> <span class='ocrx_word' id='word_1_509' title='bbox 1394 4794 1599 4864; x_wconf 81' lang='lat' dir='ltr'><strong>Epaminonda</strong></span> 
     </span>
     <span class='ocr_line' id='line_1_47' title="bbox 283 4875 1008 4951; baseline 0.001 -20"><span class='ocrx_word' id='word_1_510' title='bbox 283 4875 513 4948; x_wconf 86' lang='lat' dir='ltr'><strong>instaurarentur,</strong></span> <span class='ocrx_word' id='word_1_511' title='bbox 533 4881 662 4951; x_wconf 84' lang='lat' dir='ltr'><strong>exemplo</strong></span> <span class='ocrx_word' id='word_1_512' title='bbox 681 4881 768 4935; x_wconf 83' lang='lat' dir='ltr'><strong>ibisse</strong></span> <span class='ocrx_word' id='word_1_513' title='bbox 787 4879 939 4935; x_wconf 85' lang='lat' dir='ltr'><strong>verisimile</strong></span> <span class='ocrx_word' id='word_1_514' title='bbox 958 4880 1008 4932; x_wconf 91' lang='lat' dir='ltr'><strong>est.</strong></span> 
     </span>
    </p>
   </div>
   <div class='ocr_carea' id='block_1_8' title="bbox 0 0 1744 5458">
    <p class='ocr_par' dir='ltr' id='par_1_10' title="bbox 0 0 1744 5458">
     <span class='ocr_line' id='line_1_48' title="bbox 0 0 1744 5458; baseline 0 0"><span class='ocrx_word' id='word_1_515' title='bbox 0 0 1744 5458; x_wconf 95' lang='lat' dir='ltr'><strong> </strong></span> 
     </span>
    </p>
   </div>
  </div>
 </body>
</html>
