3450 5458
259 321 321 387 138
782 323 895 378 LEGES
915 323 1055 380 SACRAE

256 493 326 552 ficet
355 485 396 574 (v.
419 495 479 553 111
515 489 531 552 ὁ
559 491 652 574 ἱερεὺς
679 489 711 554 δέ
739 491 899 554 έπιτελείτω
927 491 979 567 τὰς
1005 492 1131 574 ἐθίμους
1158 496 1323 576 λιτουργίας
1349 495 1491 575 στιβάδος
1521 495 1572 556 καί

257 588 470 670 άμφιετηρίδος
498 594 528 651 et
550 613 577 651 v.
599 594 662 652 150
686 589 831 672 παρεχέτω
855 627 888 634 -
912 625 955 635 -
979 627 1023 636 -
1050 592 1082 653 τὸ
1106 592 1309 674 θερμόλυχνον
1332 593 1383 667 τάς
1410 615 1439 654 τε
1463 593 1568 668 ένάτας

255 686 304 749 καί
331 686 530 770 άμφιετηρίδα
558 687 607 750 καί
635 683 789 773 στιβάδα),
821 691 948 768 denique
977 694 1007 751 vi
1039 692 1128 752 dubia
1153 695 1262 753 v.113
1296 691 1401 753 τιθέτω
1429 691 1567 772 τὴντῶν

255 787 455 868 Καταγωγίων
491 786 626 866 σπονδὴν
662 788 787 868 στιβάδι.
841 790 885 849 De
918 809 978 866 qua
1014 811 1045 849 re
1082 811 1116 852 eo
1148 794 1265 852 cautius
1303 792 1452 870 agendum
1486 795 1569 868 puto,

256 890 368 963 quanto
392 887 533 948 audacius
555 888 654 948 iiuass
677 889 733 948 hac
755 907 827 948 voce
851 888 1053 966 antiquissimi
1076 890 1229 950 cuiusdam
1252 909 1288 950 uu
1310 891 1357 950 vei
1376 889 1568 968 indogerma-

257 986 318 1044 uici
340 987 416 1046 ritus
440 987 567 1065 vestigia
595 987 740 1046 detexisse
769 987 828 1047 sibi
850 987 978 1047 videtur.
1024 988 1053 1048 Is
1077 990 1155 1047 enim
1178 1007 1244 1049 cum
1268 988 1437 1049 Theoxenis
1460 989 1499 1048 ab
1522 989 1569 1049 Ιο-

255 1084 375 1144 bacchis
399 1088 467 1145 acta
490 1104 552 1146 esse
576 1085 634 1146 sibi
656 1086 865 1163 persuasisset,
894 1086 930 1146 de
953 1105 1012 1162 qua
1035 1107 1067 1146 ra
1090 1086 1169 1146 inira
1191 1087 1369 1162 videbimus,
1397 1088 1466 1148 inde
1490 1107 1569 1146 men·

256 1182 369 1241 tionem
392 1181 530 1262 στιβάδος
554 1175 754 1265 (Opserstrcu)
778 1183 924 1261 explicare
953 1183 1080 1244 studuit:
1107 1188 1150 1245 aie
1174 1187 1274 1259 cccc
1294 1187 1370 1246 παοίι
1395 1185 1571 1260 Οίδωιδενρε

256 1279 489 1357 Αυείτίίινκιιροπ
522 1283 609 1342 scion
644 1301 710 1343 rum
746 1284 1034 1358 indoqcrumm'acben
1068 1283 1173 1345 Rituoi
1204 1283 1256 1344 δατ
1290 1285 1471 1345 λλοουοιιτοιι
1502 1285 1572 1344 oder

256 1379 467 1440 Lectmiuraicu
488 1381 551 1440 und
574 1399 637 1441 war
660 1382 813 1451 testimoni,
843 1382 899 1440 den
922 1381 1132 1442 ector-enom
1156 1381 1276 1443 θδίίιτιι
1299 1385 1345 1442 als
1367 1383 1512 1443 Sttsstc'r'ttc
1534 1402 1570 1443 τυ

256 1479 368 1548 dienen,
392 1496 557 1554 provocans
583 1481 674 1540 etiam
698 1479 735 1539 ad
759 1499 843 1540 sacra
866 1478 1037 1555 Persarum,
1067 1499 1140 1558 quos
1164 1481 1276 1542 hostius
1300 1481 1488 1554 dissecuisse,
1512 1481 1571 1541 dis-

257 1580 353 1637 sectas
376 1579 477 1654 partes
498 1578 608 1638 coxisse
628 1582 658 1638 et
675 1580 708 1638 in
726 1579 817 1638 barba
836 1598 926 1655 quam
944 1579 1119 1640 tenuissima
1137 1579 1270 1656 posuisse
1288 1573 1490 1640 Herodotusl
1507 1582 1570 1639 132

254 1668 436 1757 testetur.¹⁸)
484 1676 638 1752 Equidem,
661 1677 703 1736 sic
725 1681 759 1736 ut
778 1671 865 1736 Wide
889 1678 950 1737 iam
972 1680 1052 1738 recte
1075 1677 1222 1750 instituit,
1252 1697 1270 1737 a
1294 1677 1414 1738 Graecis
1437 1679 1571 1738 testimo·

256 1774 315 1833 niis
339 1775 542 1851 sermonisque
565 1794 621 1834 usu
644 1775 886 1852 proficiscendum
911 1777 993 1835 duco.
1031 1776 1142 1856 Στιβάς
1166 1779 1286 1854 proprie
1306 1779 1352 1836 est
1375 1777 1472 1836 cubile
1490 1777 1571 1836 foliis

259 1873 306 1932 vei
330 1872 475 1932 arundine
499 1876 636 1948 strettun,
660 1873 740 1950 quali
764 1869 919 1934 deficiente
943 1875 1002 1935 alio
1022 1876 1068 1934 uti
1087 1875 1222 1936 solebant
1241 1876 1324 1936 velut
1342 1875 1469 1934 miiitiae
1489 1867 1569 1956 (Ari-

256 1971 352 2048 stopb.
371 1970 439 2031 Pac.
460 1972 533 2046 348,
557 1972 630 2032 Xen.
650 1972 728 2032 Heli.
744 1971 802 2032 VH
823 1974 922 2047 1,16;
947 1974 975 2046 2,
991 1976 1042 2048 22,
1065 1973 1168 2050 Polyb.
1184 1972 1211 2028 V
1232 1974 1283 2048 48,
1298 1965 1344 2054 4),
1366 1992 1462 2050 neque
1482 1972 1571 2032 aliter

255 2069 449 2147 explicandus
472 2074 518 2130 est
536 2071 687 2148 Aristopb.
706 2070 786 2130 Plut.
807 2072 870 2130 663
895 2067 980 2150 ἡμῶν
1003 2065 1031 2130 δ’
1052 2069 1172 2143 ἕκαστος
1198 2070 1322 2150 στιβάδα
1345 2070 1570 2150 παρεκαττύετο,

255 2167 307 2227 ubi
335 2168 371 2226 da
394 2170 497 2229 suetis
527 2169 640 2248 agitur,
668 2189 744 2247 quae
768 2169 907 2230 Chremes
936 2174 965 2230 et
989 2169 1098 2230 Oarion
1127 2190 1216 2247 quam
1240 2169 1383 2230 vilissime
1412 2169 1468 2229 sibi
1492 2189 1569 2231 eom·

256 2266 412 2342 parabant.
459 2269 564 2345 Neque
587 2269 681 2346 igitur
703 2271 812 2328 mirum
839 2271 898 2342 est,
925 2269 977 2328 ubi
999 2271 1092 2329 feriae
1116 2269 1280 2346 epulaeque
1304 2269 1358 2328 sub
1388 2268 1457 2329 divo
1481 2268 1569 2328 habe·

257 2365 373 2439 bantur,
397 2366 527 2426 eiusdem
551 2369 667 2446 generis
691 2368 801 2427 cubilia
824 2367 938 2426 usitata
961 2368 1065 2442 fuisse,
1094 2367 1130 2426 ci.
1154 2367 1190 2427 de
1217 2385 1300 2427 more
1327 2375 1379 2426 τοῦ
1402 2365 1482 2446 παρὰ
1505 2365 1569 2426 Λά-

258 2480 331 2524 κωσι
354 2461 539 2543 καλουμένου
563 2465 686 2526 δείπνου
710 2465 833 2537 κοπίδος
855 2466 963 2525 Athen.
982 2465 1025 2524 IV
1042 2467 1104 2526 138
1116 2465 1135 2524 f.
1158 2462 1234 2544 ἐπὴν
1258 2461 1289 2526 δέ
1312 2464 1467 2541 κοπίζωσι,
1490 2472 1568 2545 πρῶ-

256 2583 310 2622 τον
341 2559 395 2640 μέν
422 2562 459 2642 δὴ
489 2561 600 2641 σκηνὰς
628 2571 784 2625 ποιοῦνται
810 2561 890 2642 παρὰ
917 2563 969 2623 τὸν
996 2561 1080 2642 θεόν,
1112 2561 1144 2624 έν
1172 2559 1203 2623 δέ
1231 2562 1350 2635 ταύταις
1377 2561 1518 2642 στιβάδας
1539 2561 1569 2635 έξ

256 2659 345 2738 ὕλης,
373 2658 421 2722 έπί
444 2657 476 2721 δὲ
499 2660 611 2722 τούτων
635 2662 762 2735 δαπίδας
789 2659 1081 2741 ὑποστρωννύουσιν,
1104 2655 1153 2739 ἐφ’
1178 2653 1226 2734 οἷς
1249 2660 1318 2734 τοὺς
1341 2657 1569 2734 κατακλιθέντας

256 2755 433 2838 εὐωχοῦσινς
457 2779 495 2820 ne
517 2759 565 2820 hic
588 2760 708 2837 quidem
731 2761 862 2822 stibades
885 2761 1038 2821 recondite
1062 2761 1191 2837 quadem
1213 2759 1370 2838 religione,
1399 2759 1450 2819 sed
1474 2759 1569 2836 epulis

257 2857 311 2918 sub
334 2857 404 2919 divo
426 2858 571 2918 iaciendis
594 2859 737 2936 explicari
760 2858 866 2920 debere
888 2861 981 2937 patet.
1022 2859 1087 2919 Iam
1110 2876 1181 2920 vero
1205 2859 1241 2918 de
1264 2859 1338 2934 ipsis
1361 2857 1515 2934 Dionysiis
1539 2863 1569 2918 et

257 2955 292 3015 de
315 2958 381 3032 ipso
405 2955 522 3016 Herode
550 2958 666 3032 Attico,
695 2977 782 3036 quem
808 2958 1021 3018 Iobacoborum
1049 2957 1232 3018 sacerdotem
1260 2957 1351 3016 fuisse
1375 2956 1475 3016 blaass
1502 2975 1568 3033 pro-

256 3053 354 3128 bavit,
385 3054 586 3116 Philostratus
616 3057 690 3116 baec
717 3060 833 3117 narrata
865 3056 898 3115 αἱ
924 3055 1069 3134 διαθῆκαι
1099 3087 1138 3096 -
1164 3087 1204 3096 —
1231 3087 1272 3096 -
1304 3053 1568 3135 μεγαλοφροσύνην

257 3160 454 3233 κατηγοροῦσι
477 3161 528 3214 τοῦ
552 3151 670 3232 άνδρός,
694 3141 781 3240 ᾗκαί
804 3153 834 3228 ές
857 3147 944 3214 τᾶλλα
967 3152 1079 3235 έγρῆτο,
1102 3151 1205 3216 ἑκατὸν
1229 3148 1282 3232 μέν
1300 3153 1374 3232 βοῦς
1397 3175 1420 3212 τ.
1435 3157 1466 3212 θ.
1481 3151 1569 3212 θύων

257 3279 301 3292 ·-
326 3283 366 3294 -
390 3283 449 3329 -‚
477 3249 562 3315 ὁπότε
590 3249 622 3313 δέ
650 3253 718 3331 ἥκοι
740 3252 886 3314 Διονύσια
912 3249 963 3312 καί
985 3252 1080 3314 κατίοι
1102 3251 1132 3325 ές
1152 3245 1335 3330 Ἀκαδημίαν
1362 3248 1395 3311 τὸ
1418 3258 1471 3311 τοῦ
1495 3255 1566 3312 Διο·

257 3348 351 3410 νύσου
374 3347 450 3428 ἕδος,
473 3349 505 3411 ἐν
524 3353 731 3434 Κεραμεικῷ
755 3351 881 3424 ποτίζων
903 3348 1011 3422 ἀστοὺς
1034 3346 1143 3428 ὁμοίως
1161 3347 1211 3410 καί
1234 3346 1338 3421 ξένους
1361 3347 1567 3425 κατακειμέ-

257 3469 343 3527 νους
373 3445 431 3508 έπί
459 3449 637 3529 στιβάδων
665 3457 785 3510 κιττοῦ
810 3444 885 3524 (vit.
906 3449 994 3526 Sopb.
1015 3450 1044 3508 iI
1064 3443 1112 3530 3),
1140 3469 1199 3526 qua
1223 3469 1253 3508 re
1281 3448 1408 3510 fortasse
1438 3446 1568 3508 Herodes

257 3547 415 3624 antiquum
437 3563 549 3608 morem
573 3549 709 3608 imitatus
737 3551 794 3621 est,
821 3549 900 3608 bunc
926 3551 1024 3626 ipsum
1052 3551 1151 3608 tamen
1175 3547 1238 3608 sine
1261 3547 1324 3606 ullo
1346 3546 1437 3606 dubio
1461 3565 1496 3605 ex
1519 3565 1566 3605 oc·

257 3645 374 3708 cesione
399 3647 453 3705 sub
477 3647 547 3707 divo
566 3647 708 3724 epulandi
728 3651 834 3707 ortum.
872 3646 985 3715 Quibus
1004 3645 1140 3706 omnibus
1159 3646 1339 3722 comparatis
1357 3645 1395 3704 ab
1414 3643 1567 3704 lobaochis

257 3746 331 3821 ipsis
354 3762 472 3822 quoque
494 3763 566 3804 voce
594 3745 695 3824 στιβάς
722 3745 841 3822 proprie
868 3744 943 3804 nibil
972 3745 1101 3821 amplius
1128 3743 1187 3804 dici
1215 3743 1273 3802 nisi
1295 3747 1402 3803 κισσοῦ
1429 3744 1568 3814 stratum,

257 3844 286 3902 in
312 3863 370 3920 quo
394 3842 498 3903 diebus
521 3845 606 3904 festis
630 3846 768 3921 potantes
792 3843 948 3916 cubabant,
972 3842 1168 3902 certissimum
1188 3841 1263 3900 duco
1282 3843 1372 3918 atque
1391 3840 1472 3916 ipsos
1496 3858 1567 3916 quo-

258 3960 315 4018 qne
338 3941 478 4001 similiter
501 3961 535 4001 ao
558 3942 685 4019 publicis
708 3934 835 4022 ieriis²⁹)
864 3944 943 4002 cives
972 3940 1109 4001 tentoriis
1132 3943 1286 4016 separatos
1309 3938 1492 3998 discubuisse
1516 3957 1567 4014 ap-

258 4044 345 4115 paret
367 4059 383 4098 e
406 4061 434 4100 v.
456 4041 495 4099 73
520 4038 572 4101 ε’άν
596 4063 638 4112 τις
661 4073 705 4082 -
728 4073 770 4082 -
795 4039 972 4122 ei‘ipetiq'p·w
995 4071 1039 4080 —-
1062 4030 1108 4098 ἐπ’
1134 4035 1289 4116 ἀλλοτρίαν
1315 4036 1460 4096 κλισίαν
1486 4033 1566 4116 έρχύ-

258 4159 356 4214 μενος,
379 4139 456 4196 unde
480 4139 539 4199 iarn
563 4138 774 4218 Dittenberger
797 4139 955 4198 nonnullos
979 4139 1057 4196 certe
1080 4156 1115 4195 er
1138 4134 1332 4196 conventibus
1355 4134 1566 4195 Iobacchorum

258 4236 312 4294 sub
336 4234 405 4295 divo
429 4236 533 4296 haberi
556 4237 659 4296 solitos
683 4255 745 4298 esse
769 4257 827 4297 non
851 4236 913 4296 sine
937 4238 1001 4296 veri
1030 4237 1128 4311 specie
1151 4234 1285 4312 collegit,
1313 4252 1495 4310 quamquam
1519 4251 1566 4292 eos

329 4445 373 4512 28)
403 4443 489 4498 ἐπεάν
512 4442 543 4498 δὲ
567 4445 749 4514 διαμιστύλας
767 4443 839 4498 κατὰ
857 4442 941 4514 μέρεα
964 4443 995 4498 τὸ
1019 4440 1112 4510 ἱρήιον
1136 4439 1227 4513 έψιίση
1251 4439 1285 4494 τά
1308 4437 1391 4509 κρέα,
1418 4437 1567 4502 ὑποπάσας

257 4521 343 4592 ποίην
362 4523 399 4584 ὡς
418 4521 612 4594 ἁπαλωτάτην,
635 4523 752 4593 μάλιστα
775 4525 806 4580 δέ
829 4523 860 4578 τὸ
880 4521 1039 4592 τρίφυλλον,
1063 4521 1109 4578 ἐπί
1131 4521 1234 4591 ταύτης
1252 4520 1339 4590 ἔθηκε
1362 4514 1402 4575 ὦν
1421 4519 1514 4575 πάντα
1532 4519 1565 4573 τά

258 4600 337 4670 κριίαΙ
363 4601 514 4666 διαθέντος
532 4606 563 4660 δὲ
582 4606 670 4661 αὐτοῦ
688 4604 777 4676 μάγος
794 4604 867 4674 άνὴρ
886 4603 1042 4672 παρεστεὼς
1060 4598 1185 4658 ἐπαείδει
1204 4599 1357 4671 θεογονίην
1375 4603 1431 4654 κτλ.

330 4685 374 4752 29)
401 4681 522 4746 κοπίδας
540 4685 691 4740 Laconicas
711 4703 797 4756 supra
815 4684 913 4750 attuli;
932 4683 1079 4754 aptissime
1098 4681 1184 4736 etiam
1203 4680 1373 4736 Carneorum
1393 4697 1473 4736 casae
1491 4681 1564 4736 fron-

259 4764 326 4818 deas
355 4765 466 4834 (Athen.
485 4763 523 4818 IV
542 4784 569 4834 p.
591 4769 671 4836 ille)
700 4765 874 4836 comparavit
895 4765 1002 4833 Mases,
1031 4762 1144 4818 omnino
1173 4763 1267 4817 autem
1296 4761 1417 4817 Graecos
1444 4761 1564 4831 publicis

260 4843 336 4898 feriis
356 4843 484 4899 tentoriis
502 4863 567 4900 usos
587 4861 647 4901 esse
665 4849 694 4901 et
713 4849 931 4902 consentaneum
950 4845 1041 4899 estet
1060 4845 1183 4909 σοαελιιος
1206 4842 1241 4897 cf.
1261 4842 1347 4897 etium
1367 4857 1441 4910 quae
1460 4843 1495 4896 de
1513 4841 1565 4895 bac

259 4940 287 4976 re
307 4923 364 4975 dixi
384 4925 420 4978 ad
439 4943 466 4978 n.
482 4931 522 4979 79.
