3426 5462
655 323 810 379 Aunesis
829 343 856 378 n.
871 331 896 379 4.
1385 326 1426 390 21

107 506 148 556 ao
170 489 206 555 ἐ(
230 492 285 555 τὲν
310 491 418 571 βολέν·
447 491 519 570 περὶ
547 492 583 555 δὲ
606 489 644 554 sd
668 489 758 554 ticio
781 489 833 554 τέ(
857 488 1000 568 ἀπαρχὲε
1029 486 1271 577 χτυγγράφ))(ατ
1294 491 1428 570 Λάμπον

169 597 373 678 ἐπιδειχιάτο
401 597 448 663 τὲι
477 596 564 678 βολὲι
589 597 642 661 ἐπὶ
669 595 721 662 τὲ(
745 597 856 662 ἐνάτετ
879 594 1117 679 πρυτανείαεθ),
1143 597 1147 682 Ι
1172 595 1211 662 he
1235 599 1270 663 δὲ
1295 600 1372 678 βολὲ
1395 599 1429 664 ἐ(

168 707 231 770 τὸν
255 704 354 786 οἶμον
377 706 581 785 ἐχιενενκέτο
605 704 792 780 ἐπάναγκες.

94 829 98 836 ’
208 844 368 904 Decretum
400 844 437 904 de
468 844 610 922 primitiis
639 843 783 902 frumenti
811 843 953 903 Eleusina
984 842 1190 903 consecrandis
1221 843 1331 904 litteris
1363 845 1426 904 vul-

111 943 242 1022 guribus
264 943 375 1003 Atticis
403 943 506 1020 quales
529 944 598 1020 post
621 961 647 1002 a.
666 943 729 1000 446
755 940 948 1000 obtinuerunt
977 939 1132 1020 στοιχηδὸν
1158 942 1294 1002 incisum.
1341 943 1428 1012 Quod

111 1060 187 1100 cum
216 1060 317 1100 omnes
350 1041 422 1100 olim
454 1041 516 1100 sive
549 1043 634 1100 annis
662 1041 741 1099 inter
767 1039 900 1099 indutias
927 1039 1054 1118 triginta
1081 1058 1227 1099 annorum
1259 1042 1289 1100 et
1315 1040 1428 1100 bellum

110 1139 403 1216 Peloponnesiacum
430 1139 616 1214 interpositis
644 1140 706 1198 sive
733 1137 822 1198 huius
849 1136 921 1197 belli
947 1137 1042 1197 initiis
1065 1137 1285 1214 tribuissemus,
1312 1141 1427 1215 primus

111 1237 259 1298 Alfredus
292 1236 385 1297 Keria
423 1239 453 1296 et
484 1237 658 1297 litteratura
689 1239 719 1296 et
755 1238 898 1296 sermonis
934 1237 1038 1295 formis
1074 1235 1179 1295 Niciae
1215 1239 1297 1313 pacis
1334 1256 1428 1297 annos

110 1335 243 1395 indicari
276 1335 391 1412 docuit,
429 1335 460 1394 id
492 1335 571 1412 quod
604 1335 639 1394 de
672 1335 797 1394 alterius
835 1333 1010 1411 exemplaris
1046 1334 1175 1393 frustula
1211 1354 1306 1411 nuper
1337 1335 1428 1394 Adol-

112 1436 164 1494 fus
201 1433 343 1493 Wilhelm
385 1432 580 1494 confirmavit.
644 1433 708 1493 Iam
744 1432 838 1492 Korte
878 1431 1044 1492 rationibus
1081 1432 1241 1492 Eleusiniis
1283 1452 1428 1494 annomm

112 1525 377 1612 eccll-llus,
404 1531 512 1608 quibus
540 1532 686 1609 epistates
713 1532 870 1608 pecuniam
903 1531 941 1590 ab
972 1531 1139 1608 hieroposis
1170 1527 1229 1591 ἀπὸ
1261 1539 1314 1592 τοῦ
1345 1531 1428 1593 σίτου

111 1639 168 1710 τῆς
201 1626 335 1711 ἀπαρχῆς
367 1631 519 1707 acceptam
548 1630 681 1690 referunt
708 1621 814 1711 (161
838 1629 933 1705 suppl.
957 1649 986 1705 p.
1007 1631 1070 1688 174
1099 1649 1127 1687 n.
1148 1621 1317 1711 225010),
1350 1649 1428 1690 com-

109 1729 233 1806 paratis
263 1731 333 1805 post
364 1729 418 1788 hos
446 1747 539 1788 annos
567 1746 602 1787 ac
630 1727 819 1804 potissimum
847 1747 873 1786 a.
897 1728 961 1786 418
989 1728 1086 1805 legam
1114 1731 1253 1805 rogatam
1276 1745 1338 1788 esse
1362 1747 1428 1788 cen-

110 1826 194 1886 suit:
221 1827 362 1904 pecunias
390 1826 471 1886 enim
492 1825 555 1885 illic
582 1843 717 1886 recensus
745 1830 809 1884 tam
832 1825 954 1904 exigeres
977 1844 1040 1885 esse
1064 1828 1094 1885 et
1116 1828 1179 1884 tam
1203 1826 1341 1904 exiguam
1367 1829 1427 1904 pri·

110 1925 270 1984 initiarum
294 1925 544 1984 consecrationem
567 1924 637 1983 inde
660 1923 900 2000 computandam,
920 1926 955 1984 ut
972 1923 1033 1983 illis
1053 1926 1138 1983 annis
1157 1923 1218 1983 iam
1235 1925 1313 1984 hanc
1331 1925 1428 2004 legem

112 2023 247 2084 valuisse
278 2022 451 2083 incredibile
483 2023 531 2083 sit.
577 2024 620 2083 At
651 2023 707 2082 hac
734 2023 766 2082 in
793 2043 825 2082 re
857 2023 1016 2082 manifesto
1044 2022 1091 2081 vir
1123 2022 1309 2083 doctissimus
1338 2027 1427 2102 errat

112 2122 233 2181 nullam
256 2123 336 2182 enim
359 2123 391 2182 in
419 2123 643 2198 computatione
667 2140 721 2179 sua
747 2121 893 2181 rationem
915 2120 1026 2180 habuit·
1047 2121 1238 2181 donariorum
1260 2120 1427 2199 hieropoeis

112 2239 150 2279 ex
183 2219 221 2279 iis
250 2239 326 2296 quas
358 2209 427 2296 post
457 2219 570 2279 hostias
602 2223 752 2297 coemptas
785 2221 973 2296 superessent
1001 2219 1134 2295 pecuniis
1162 2220 1427 2296 comparandorum

113 2315 157 2394 (v.
174 2319 217 2376 40
241 2315 292 2390 τὰς
315 2313 347 2378 δὲ
372 2313 462 2390 ἄλλοις
484 2315 593 2398 κριθὰς
614 2315 664 2378 παλ
689 2315 804 2398 πυροὺς
831 2311 1037 2395 ἀποδομένους
1066 2315 1134 2389 τοὺς
1163 2315 1330 2396 ἱεροποιοὺς
1358 2316 1428 2394 μετὰ

113 2425 168 2495 τῆς
191 2417 303 2496 βουλῆς
325 2413 506 2494 ἀναθήματα
529 2411 703 2476 ἀνατιθέναι
726 2421 790 2476 τοῖν
811 2407 924 2498 Θεοῖν),
947 2416 1026 2475 unde
1045 2415 1201 2492 paululum
1220 2417 1363 2491 pecuniae
1381 2436 1426 2475 rs·

112 2516 260 2574 mansisse
280 2514 359 2590 quod
377 2514 527 2591 hieropoei
547 2515 684 2590 epistatis
702 2513 855 2573 crederent
873 2533 930 2590 par
947 2517 977 2573 et
996 2517 1226 2573 consentaneum
1245 2516 1297 2574 est.
1336 2514 1426 2592 liqui·

113 2612 184 2673 dem
208 2612 325 2672 decreto
349 2615 379 2672 et
406 2612 572 2672 rationibus
599 2613 660 2672 illis
688 2611 869 2690 comparatis
897 2612 1078 2671 contrarium
1106 2615 1199 2688 atque
1225 2612 1277 2671 ille
1305 2613 1427 2692 colligo:

113 2731 169 2788 per
197 2729 291 2770 annos
319 2713 398 2770 enim
421 2703 652 2792 431-42511)
679 2715 802 2788 propter
824 2710 999 2770 Archidami
1025 2713 1057 2769 in
1085 2713 1197 2770 terram
1219 2710 1354 2770 Atticam
1381 2711 1427 2770 in-

113 2811 270 2886 ruptiones
298 2811 450 2886 primitiae
477 2809 642 2869 consecrari
670 2809 835 2869 necessario
863 2807 975 2869 desitne
1003 2812 1102 2884 erant,
1135 2809 1221 2868 annis
1245 2810 1425 2868 cca-418

114 2927 166 2967 eas
190 2925 253 2968 esse
276 2911 462 2967 consecratas
484 2907 616 2966 rationes
639 2911 801 2984 testantem
824 2909 886 2968 iam
908 2927 975 2967 cum
997 2907 1080 2967 illius
1102 2907 1165 2966 fere
1188 2907 1296 2966 aetatis
1318 2907 1427 2966 habea-

112 3025 182 3066 mus
210 3006 362 3066 decretum
389 3025 449 3082 quo
479 3007 729 3066 consecrationem
756 3004 829 3066 κατὰ
857 3004 892 3065 τὰ
919 3005 1027 3087 πάτρια
1054 3003 1104 3064 ιιαλ
1132 3003 1188 3082 τὴν
1210 3004 1350 3083 μαντείαν
1372 3003 1427 3082 τὴν

113 3103 147 3184 ἐγ
162 3107 290 3181 Δελφῶν
314 3104 424 3163 sanciri
443 3103 586 3178 videmus,
609 3103 730 3163 numid
749 3109 892 3180 quattuor
911 3104 1029 3163 demum
1048 3104 1134 3163 annis
1152 3105 1312 3180 postquam
1330 3103 1426 3164 denuo

113 3203 179 3261 fieri
203 3205 353 3279 coeperat,
378 3203 471 3261 latam
496 3220 558 3263 esse
587 3200 761 3262 credamus?
801 3201 896 3262 Immo
919 3205 1051 3262 rationes
1080 3221 1226 3261 annorum
1249 3203 1425 3261 css-418

115 3321 149 3361 ex
173 3299 230 3362 hoc
251 3301 313 3359 iam
337 3299 454 3360 decreto
476 3301 572 3360 factas
596 3319 658 3360 esse
681 3302 745 3360 veri
767 3301 953 3360 simillimum
981 3303 1026 3360 est
1048 3319 1143 3376 neque
1165 3299 1198 3360 id
1220 3303 1336 3378 pugnat
1359 3319 1426 3360 eum

114 3399 202 3458 rebus
226 3401 290 3458 tum
314 3400 421 3476 gestis3
449 3399 520 3457 anni
544 3401 622 3458 enim
646 3400 710 3457 423
735 3417 835 3458 mense
858 3398 1091 3475 Elaphebolione
1114 3397 1249 3458 indutiae
1273 3398 1310 3458 ab
1334 3398 1425 3458 Athe·

115 3496 269 3557 niensibus
293 3515 361 3555 cum
384 3495 627 3557 Lacedaemoniis
650 3498 748 3556 factae
772 3500 843 3556 sunt
866 3516 1004 3573 novaque
1028 3517 1094 3574 spes
1117 3499 1199 3574 pacis
1223 3498 1337 3556 animos
1360 3516 1426 3574 per-

117 3587 261 3676 vasit²¹);
298 3594 401 3654 eodem
438 3613 516 3654 anno
549 3596 642 3656 fastos
675 3595 761 3654 valde
793 3596 929 3656 turbatos
963 3614 1025 3655 esse
1058 3599 1175 3656 constat
1207 3615 1241 3654 ex
1273 3595 1425 3672 Aristoph.

116 3693 194 3752 Nub.
211 3693 356 3770 615sqq.‚
378 3712 506 3770 quocum
529 3693 641 3770 optime
665 3695 803 3754 convenit
825 3697 1017 3771 praeceptum
1041 3694 1076 3753 de
1099 3711 1200 3754 mensa
1222 3692 1425 3754 intercalando

115 3812 143 3851 v.
163 3793 270 3868 53sq.;
294 3793 384 3852 verba
406 3791 534 3868 denique
558 3792 669 3852 decreti
692 3788 876 3872 ἐπαγγέλλειν
896 3788 927 3852 δὲ
951 3789 1005 3870 τὴν
1023 3789 1137 3871 βουλὴν
1160 3787 1210 3851 καλ
1233 3799 1299 3870 ιῆσι
1321 3787 1425 3869 ditum

116 3887 235 3950 πόλεσιν
258 3897 325 3968 τῆσι
340 3881 547 3968 Ἑλληυιιιῆσιν
570 3886 700 3967 ἀπάσησι
723 3888 792 3950 ὅποι
815 3885 853 3950 ἂν
876 3889 964 3968 δουῆι
987 3887 1075 3967 adripe
1098 3887 1226 3950 δυνατὸν
1247 3881 1324 3949 εἶναι
1347 3909 1425 3950 anno

204 4045 232 4112 9)
253 4044 318 4097 anto
336 4057 440 4097 nonam
458 4041 547 4112 igitur
564 4043 726 4112 prytaniam
745 4041 888 4098 decretum
906 4042 999 4114 ipsum
1018 4042 1124 4097 lactum
1143 4045 1196 4096 est.

187 4125 232 4190 10)
260 4123 295 4177 cf.
318 4139 341 4178 e.
356 4141 382 4194 g.
408 4141 431 4179 v,
456 4127 522 4193 deq.
547 4123 593 4178 ἐπὶ
616 4131 665 4193 τῆς
688 4123 801 4196 decim
828 4117 859 4190 ἧι
881 4121 990 4193 Πρέπις
1016 4123 1138 4195 π[ρῶτος
1166 4121 1354 4192 ἐγραμμάτευε
1377 4119 1421 4178 ἐπ’

112 4201 293 4278 lectissimos
316 4203 451 4277 ἄρχοντος
474 4203 573 4276 (diist)
601 4202 760 4276 ἐπ[ιστοὶται
777 4199 1000 4276 Ἐλευσιν]6θεν,
1027 4198 1083 4258 οἶσι
1109 4199 1306 4276 sestaronus
1329 4205 1425 4258 Κυδα-

116 4285 253 4355 θηναιεὺς
272 4283 486 4358 ῆγραμμολτιυε,
511 4281 702 4353 παρεδέξαντο
726 4281 807 4356 [παρ’
829 4283 990 4356 isperdetur
1006 4279 1144 4339 Ἐλευσῖνι
1171 4282 1310 4349 Θεοξένου
1329 4287 1424 4353 Κεφα-

117 4365 217 4437 lmen
236 4365 297 4437 καλ]
315 4361 513 4436 ξυναρχόντων
532 4363 692 4436 [ἀρρύρι]ον
711 4364 768 4418 ἀπὸ
787 4373 837 4419 τοῦ
857 4361 933 4419 σλτου
952 4370 1002 4433 τῆς
1019 4363 1147 4436 ἂποιρχῆς
1163 4371 1224 4418 τοῖν
1243 4365 1354 4436 Θ[εοῖ]ν
1370 4365 1423 4417 ΠΡ,

186 4447 233 4515 11)
256 4445 306 4500 sed
324 4461 359 4498 ne
378 4445 543 4514 insequente
567 4443 682 4515 quidem
701 4461 774 4499 anno
798 4443 936 4514 agn'c'olas
955 4443 985 4498 in
1004 4461 1086 4515 agros
1104 4443 1221 4498 rediisse
1245 4443 1348 4499 multos
1368 4445 1425 4499 veri

118 4525 215 4596 simile,
234 4525 303 4596 quia
320 4525 381 4580 fore
395 4527 427 4580 ut
440 4523 655 4580 Lacedaemonii
664 4524 879 4580 Atheniensium
898 4524 934 4579 de
948 4523 1066 4595 captivis
1080 4524 1165 4578 minis
1179 4525 1313 4579 commoti
1327 4523 1424 4595 (Thuc

117 4606 153 4660 IV
162 4609 207 4676 41)
231 4604 376 4660 invasione
398 4605 506 4660 usitata
529 4604 696 4660 desisterent
713 4605 852 4659 incertum
871 4608 940 4674 erat,
964 4605 998 4660 cf.
1018 4604 1049 4659 Ε.
1065 4604 1160 4674 Meyer
1180 4605 1272 4661 (ιίοσλι.
1293 4605 1423 4660 (1.4οα-

118 4695 186 4742 αιιιιι
203 4685 243 4741 Iv
256 4705 284 4756 p.
300 4691 361 4740 389.

186 4769 230 4838 12)
255 4765 572 4837 Thucyd.IV11⁷sqq.;
595 4782 661 4820 sanc
680 4767 786 4835 quanta
805 4765 891 4820 fuerit
908 4766 986 4836 pacis
1005 4781 1070 4838 spes
1088 4767 1250 4835 quantaque
1269 4765 1421 4820 Athenien-

120 4850 187 4902 sium
207 4863 272 4918 τρυε
290 4848 392 4902 veteris
410 4847 556 4918 potentiae
574 4850 603 4902 et
621 4845 799 4901 auctoritatis
819 4845 1035 4918 recuperandae,
1054 4845 1107 4900 hoc
1127 4844 1239 4899 demum
1256 4845 1381 4912 demeto,
1400 4845 1423 4898 si

117 4929 196 4984 modo
215 4931 291 4983 recte
309 4927 341 4981 id
359 4927 413 4982 huc
433 4927 539 4994 rettuli,
557 4927 643 4998 plane
661 4927 846 4998 cognoscitur.
