3426 5462
280 296 318 350 VI
834 297 1040 354 PRAEFATIO

370 462 418 526 De
450 462 680 528 commentario
713 461 891 528 breviorem
925 485 994 528 esse
1026 463 1109 528 licet.
1163 462 1332 529 Sacrorum
1364 465 1472 552 legum
1505 465 1593 532 sicut

280 560 359 626 haec
382 564 432 624 est
454 560 612 646 collectio,
636 561 681 624 ita
703 583 744 626 ne
767 561 801 625 in
825 563 1054 627 commentario
1074 563 1203 647 quidem
1221 562 1293 628 aliis
1313 563 1409 629 rebus
1427 563 1592 630 illustran-

280 659 329 724 dis
366 663 464 743 atque
500 659 748 744 interpretandis
781 681 909 743 operam
943 660 1014 725 dedi
1046 661 1109 725 nisi
1142 661 1255 746 sacris,
1292 663 1326 726 in
1358 663 1591 748 antiquitatum

279 757 481 842 publicarum
509 761 542 822 et
568 756 722 822 historiae
750 758 991 842 quaestionibus
1019 763 1074 824 aut
1102 758 1230 825 dialecti
1257 761 1478 846 sermonisque
1506 761 1592 826 diffi-

281 854 454 920 cultatibus
478 859 605 920 tentum
627 858 782 940 moratus,
804 860 961 941 quantum
984 859 1125 922 universi
1144 860 1326 945 argumenti
1345 861 1428 924 ratio
1447 860 1591 944 postula-

280 953 343 1018 bat.
380 953 550 1018 Praeterea
568 956 821 1039 manuscriptum
840 954 936 1020 huius
957 954 1102 1022 fasciculi
1121 956 1209 1043 leges
1228 953 1378 1023 Graeciae
1396 958 1593 1024 insularum-

280 1073 342 1137 que
370 1054 565 1118 contineutis
593 1053 657 1117 iam
685 1056 807 1118 aestate
834 1055 909 1118 anni
936 1053 1021 1120 1905
1044 1056 1257 1139 perscriptum
1282 1059 1315 1120 et
1342 1058 1429 1140 typis
1452 1059 1590 1142 exprimi

280 1154 430 1236 coeptum
454 1173 522 1216 esse
545 1151 710 1217 sciendum
734 1155 791 1216 ast.
829 1150 991 1237 Quidquid
1014 1153 1115 1239 igitur
1137 1153 1293 1219 librorum
1317 1159 1373 1220 aut
1396 1159 1591 1220 commenta-

279 1250 404 1314 tionum
428 1253 502 1334 post
525 1248 588 1316 hoc
612 1253 739 1334 tempus
763 1250 914 1336 cognovi,
936 1252 1094 1336 respicere
1116 1273 1182 1316 uon
1205 1253 1305 1336 potui.
1351 1251 1445 1318 Unde
1467 1254 1591 1320 factum

280 1368 357 1431 esse,
380 1351 417 1412 ut
439 1370 480 1412 ne
503 1345 659 1413 ludeichii
683 1349 812 1432 quidem
836 1350 875 1414 de
898 1349 1114 1436 topographia
1134 1349 1241 1414 Attica
1261 1350 1380 1416 librum
1398 1373 1458 1416 nec
1477 1352 1591 1418 titulos

279 1443 407 1511 Ionicos
431 1469 450 1510 a
473 1445 639 1512 Bechtelio
662 1447 748 1530 apud
767 1446 951 1513 Collitzium
974 1447 1077 1513 editos
1101 1470 1160 1514 suo
1183 1448 1255 1515 loco
1278 1447 1473 1536 adhiberem,
1496 1449 1591 1516 valde

280 1543 381 1609 dolen.
428 1543 490 1609 Sed
519 1567 558 1610 ne
586 1546 682 1610 etiam
711 1550 808 1629 atque
836 1546 933 1610 etiam
961 1568 1011 1630 ea,
1039 1569 1120 1631 quae
1143 1549 1403 1634 perscripseram,
1431 1553 1590 1614 mutarem

279 1646 312 1708 et
334 1645 573 1728 rectractarem,
601 1642 774 1727 aliquando
797 1645 871 1708 finis
895 1645 1083 1711 statuendus
1106 1647 1183 1710 erat.
1229 1642 1268 1710 In
1295 1646 1448 1712 addendis
1472 1646 1590 1713 horum
1703 1707 1704 1736 ,

278 1740 479 1825 aliorumque
503 1741 660 1807 rationem
684 1741 817 1808 habebo.

368 1839 494 1923 Restat,
527 1843 563 1903 ut
591 1861 610 1902 a
636 1840 857 1925 compluribus
886 1843 962 1906 viris
995 1842 1098 1908 doctis
1126 1865 1178 1908 me
1207 1842 1241 1907 in
1269 1865 1365 1929 opere
1393 1844 1590 1910 absolvendo

279 1937 424 2002 adiutum
457 1958 527 2003 esse
558 1941 650 2024 grato
683 1939 791 2003 animo
823 1941 984 2026 profitear.
1039 1940 1066 2004 E
1100 1940 1218 2026 quibus
1249 1941 1313 2007 duo
1343 1943 1417 2029 viri,
1451 1966 1588 2028 quorum

278 2060 396 2105 nomen
420 2043 579 2108 artissime
607 2065 678 2108 cum
706 2044 769 2108 hoc
791 2042 875 2107 libro
899 2043 1106 2107 coniunctum
1129 2045 1192 2124 est,
1219 2040 1333 2106 acerba
1359 2045 1464 2106 morte
1487 2045 1589 2126 erepti

279 2142 368 2203 sunt:
405 2138 609 2206 Hermannus
641 2141 765 2207 Usener
800 2144 988 2226 praeceptor
1020 2141 1215 2224 carissimus,
1252 2140 1446 2223 suscipiendi
1483 2143 1590 2224 operis

279 2240 393 2302 auctor
416 2241 620 2325 susceptique
643 2240 758 2324 fautor,
781 2244 814 2304 et
836 2238 971 2304 Ioannes
991 2239 1029 2303 de
1048 2238 1142 2303 Prott
1165 2237 1284 2303 sodalis
1307 2237 1464 2324 adopem
1488 2238 1592 2304 feren-

279 2333 367 2418 dam,
399 2334 475 2401 dum
503 2338 645 2423 vivebat,
677 2339 913 2423 paratissimus,
945 2336 1062 2422 quibus
1090 2339 1166 2402 viris
1194 2338 1277 2402 vivis
1305 2338 1424 2423 gratias
1451 2360 1503 2402 me
1530 2359 1591 2402 nec

279 2455 374 2520 agere
399 2457 460 2502 nec
487 2436 606 2502 referre
634 2459 728 2522 posse
751 2435 955 2502 vehementer
983 2435 1084 2501 doleo.
1129 2435 1299 2500 Praeterea
1322 2439 1427 2500 autem
1453 2437 1519 2501 sive
1542 2438 1589 2501 in·

280 2535 491 2619 scriptionum
515 2537 638 2619 ectypis
662 2535 711 2600 vel
740 2533 965 2600 collationibus
993 2537 1100 2600 missis
1124 2535 1190 2599 sive
1218 2533 1361 2599 consiliis
1385 2537 1589 2600 coniecturis-

280 2653 343 2715 que
376 2633 620 2699 communicatis
653 2655 703 2698 me
736 2633 926 2699 adiuverunt
952 2631 986 2697 F.
1006 2632 1057 2696 W.
1078 2634 1116 2698 de
1139 2631 1283 2718 Bissiug,
1313 2630 1394 2697 Alfr.
1413 2631 1589 2716 Brltclmer,

279 2728 363 2816 Aug.
390 2729 603 2808 Brinlrmann‚
641 2729 676 2795 G.
705 2729 801 2815 Caro,
838 2731 873 2796 0.
901 2729 1003 2814 Kern,
1040 2729 1075 2796 G.
1099 2728 1296 2813 Loeschclre,
1332 2730 1370 2795 E.
1398 2729 1429 2795 J.
1452 2731 1590 2816 Palmer,

278 2826 308 2892 J.
328 2826 371 2892 M.
390 2827 502 2911 Paton,
525 2829 558 2895 F.
580 2829 740 2915 Solmsen,
765 2829 800 2894 0.
820 2829 863 2894 Μ.
878 2828 1077 2915 Waahburn,
1101 2827 1135 2895 Ο.
1152 2827 1347 2916 Watzinger,
1371 2829 1408 2894 A.
1425 2828 1588 2908 Wilhelm,

278 2924 425 3012 plagulas
467 2949 590 2992 mecum
631 2929 780 3015 legerunt
819 2933 851 2994 et
887 2927 1136 2992 emendaverunt
1172 2926 1206 2992 F.
1235 2926 1342 3008 Biilte,
1384 2926 1424 2990 H.
1454 2926 1589 3010 Sabine,

279 3023 307 3088 J.
324 3023 450 3090 Ziehem
488 3024 611 3102 Quibus
634 3029 711 3092 viris
735 3027 884 3092 omnibus
907 3028 1027 3111 gratias
1050 3047 1147 3109 quam
1171 3027 1327 3090 maximas
1346 3047 1417 3112 ago,
1440 3027 1589 3110 inprimis
1705 3095 1706 3112 ,

281 3144 354 3187 vero
378 3122 511 3188 Altredo
531 3124 696 3189 Brltckner
719 3130 751 3190 et
770 3123 883 3189 Ottoni
906 3124 1004 3209 Kern,
1028 3145 1164 3207 quorum
1183 3123 1236 3189 hic
1256 3123 1296 3187 ad
1315 3123 1442 3189 decreta
1460 3123 1588 3210 Magne

279 3225 347 3286 tum
372 3244 401 3285 n.
422 3222 465 3287 80
488 3226 520 3286 et
544 3223 599 3306 82,
627 3222 682 3287 ille
710 3223 750 3287 ad
778 3222 881 3309 legem
904 3222 1034 3288 Iliacam
1058 3222 1173 3287 2194
1201 3225 1316 3305 ectypa
1343 3225 1377 3286 et
1404 3222 1591 3307 apographa

278 3319 311 3382 in
344 3341 437 3383 suum
470 3342 563 3385 usum
592 3321 737 3386 confecta
763 3320 844 3386 mihi
870 3321 990 3385 utenda
1017 3319 1241 3384 liberalissime
1268 3323 1402 3402 uterque
1432 3321 1589 3403 permisit,

278 3437 425 3481 necnon
449 3417 600 3503 Adolpho
617 3417 780 3503 Wilhelm,
804 3421 858 3503 qui
882 3441 955 3485 oum
979 3418 1112 3483 aliarum
1136 3417 1245 3505 legum
1270 3416 1450 3482 Atticarum
1474 3421 1589 3502 ectypa

278 3514 451 3579 utilissima
473 3537 510 3580 ac
531 3538 633 3602 paene
654 3520 833 3582 necessaria
856 3517 935 3584 mihi
959 3518 1056 3600 misit,
1079 3519 1148 3580 tum
1168 3515 1249 3603 legis
1273 3517 1481 3602 gravissimae
1498 3538 1529 3580 n.
1547 3517 1589 3580 14

280 3613 495 3699 fragmentum
519 3614 676 3679 ineditum
699 3617 733 3679 in
756 3614 819 3679 hoc
841 3613 924 3680 libro
946 3615 1162 3680 adhibendum
1181 3615 1300 3701 insigni
1320 3615 1478 3678 concessit
1496 3613 1590 3678 bene-

279 3711 429 3774 volentia.
476 3710 578 3778 Decet
607 3713 704 3778 etiam
733 3714 868 3799 gratiam
899 3713 1015 3778 habere
1045 3712 1241 3798 bibliopolae
1263 3711 1506 3795 honestissimo,
1533 3714 1588 3796 qui

279 3809 407 3874 tardum
450 3811 555 3894 operis
595 3833 801 3898 progressum
838 3833 940 3896 aequa
975 3811 1052 3876 tulit
1088 3811 1251 3896 patientia.
1317 3809 1466 3876 Profecto
1503 3812 1588 3875 enim

279 3907 408 3996 longius
431 3911 587 3993 temporis
611 3907 750 3994 spatium
774 3911 808 3974 in
831 3930 927 3994 opere
950 3909 1145 3974 absolvendo
1165 3913 1389 3993 consumptum
1410 3913 1468 3991 est,
1492 3931 1586 3993 quam

279 4007 447 4090 sperabam
476 4029 629 4092 umquam
657 4011 713 4072 aut
741 4007 895 4072 volebam.
946 4005 1081 4073 Absolvi
1109 4011 1218 4072 tamen
1248 4007 1464 4091 qualicunque
1492 4008 1587 4072 modo

278 4106 371 4188 potui
398 4104 581 4190 librumque
608 4107 662 4190 pio
689 4109 722 4170 et
749 4109 843 4192 grato
871 4107 978 4169 animo
1006 4106 1036 4170 ei
1058 4108 1141 4189 viro,
1174 4105 1226 4171 cui
1258 4105 1336 4169 olim
1363 4127 1422 4188 per
1446 4104 1588 4189 quinque

279 4202 382 4267 lustra
404 4205 436 4267 in
462 4205 669 4269 universitate
691 4203 855 4269 Bonnensi
881 4203 1056 4287 professori
1084 4203 1145 4268 hoo
1173 4224 1255 4287 opus
1278 4207 1390 4269 votum
1413 4208 1476 4287 est,
1503 4224 1589 4267 nunc

280 4302 408 4365 tandem
435 4302 532 4367 reddo
561 4301 700 4366 eiusdem
728 4302 947 4367 universitatis
974 4323 1032 4386 per
1059 4302 1168 4368 decem
1196 4301 1298 4366 lustra
1326 4302 1464 4386 doctori,
1494 4300 1589 4366 Fran-

282 4399 367 4463 cisco
392 4399 575 4465 Buecheler.

370 4541 554 4608 Scribebsm
578 4542 780 4608 Francofurti
805 4543 845 4608 ad
864 4543 1015 4608 Moenum
1036 4565 1144 4608 mense
1159 4540 1340 4628 Septembri
1358 4539 1587 4608 MDccocVI.
