3426 5462
677 321 833 377 armum
852 341 878 377 n.
899 327 915 376 ο
1406 323 1446 390 31

129 491 188 550 bus
208 489 412 569 intellegenda
431 493 501 550 sunt
519 489 551 548 ni
570 489 659 549 fallor
677 487 712 548 τὰ
730 482 779 566 ἐφ’
796 490 885 571 ἱεροῖς
905 511 995 568 supra
1013 492 1102 552 diota.
1118 491 1159 534 -’-
1179 491 1322 571 τράπεζαν
1336 503 1448 573 κοσμῆ-

129 606 182 648 σαι
212 607 252 648 sc.
280 587 456 664 pycnopsiis
483 587 543 648 illis
556 580 603 669 11),
635 588 713 647 unde
741 589 850 648 festum
882 609 988 649 nomen
1019 591 1112 650 duxit.
1140 623 1184 632 -
1216 611 1243 650 v.
1270 594 1310 650 13
1338 591 1448 652 litteris

130 689 227 748 erasis
258 706 368 746 novam
398 686 457 746 diei
490 687 692 746 definitionem
722 686 886 746 indicatum
918 688 1008 747 fuisse
1036 688 1249 767 Dittenberger
1280 692 1359 749 reete
1386 693 1447 750 sta·

129 787 227 846 tuisse
251 785 384 862 videtum
414 804 449 844 ea
477 785 565 860 enim,
594 805 671 862 quae
694 787 831 861 proxima
853 789 1017 862 sequuntur
1040 805 1099 846 non
1126 789 1188 846 iam
1211 787 1249 846 ad
1272 788 1448 865 Pyanepaia,

131 885 186 944 sed
210 884 250 944 ad
273 883 509 960 Thesmophoria
531 885 665 960 spectare
687 883 885 960 pannychidis
908 876 1065 944 'mentione
1093 905 1119 943 v.
1142 886 1181 945 16
1206 885 1358 962 probatur.
1403 887 1448 945 Er

130 983 238 1042 eadem
263 987 364 1041 autem
388 981 496 1060 colligo
526 1002 593 1041 eum
621 982 709 1057 diem,
739 1000 797 1058 quo
826 981 930 1042 Stania
956 983 1081 1057 fiebant,
1113 985 1256 1060 scriptum
1289 986 1380 1045 fuisso
1410 987 1446 1045 ie.

131 1101 248 1142 nonum
271 1081 485 1157 Pyanepsionis
508 1080 600 1155 diem3
625 1079 728 1139 Stenia
755 1083 835 1139 enim
857 1085 1050 1157 pernoctem
1072 1083 1251 1158 pertinuisse
1275 1086 1399 1143 constat.
1409 1075 1448 1166 13)

130 1213 176 1220 —·
201 1200 229 1240 v.
252 1181 292 1248 1ό
316 1178 434 1258 ἱερείαις
452 1183 515 1251 ταῖς
538 1176 570 1238 ἐν
590 1171 752 1238 Ἐλενσῖνιι
780 1179 939 1256 collegium
971 1180 1159 1240 sacerdotum
1191 1181 1369 1240 feminarum
1399 1201 1448 1241 oc-

131 1280 229 1338 currit
258 1279 351 1337 etiam
380 1278 413 1336 iu
435 1276 601 1336 rationibus
626 1279 823 1354 epistatamm
845 1269 994 1358 (Ditteub.
1012 1268 1099 1353 Spu*
1118 1279 1181 1337 587
1207 1298 1233 1338 v.
1255 1281 1332 1355 2933
1356 1299 1448 1356 supra

131 1398 160 1454 p.
183 1379 224 1436 24
249 1378 310 1435 not.
332 1367 396 1456 22).
420 1405 464 1418 ·-
491 1395 519 1434 v.
541 1376 581 1434 18
605 1375 730 1451 ψαισιόι
758 1375 826 1434 vide
850 1377 984 1452 quaeda
1012 1375 1227 1455 significatione
1250 1379 1331 1437 vocis
1354 1397 1446 1455 supra

132 1474 172 1534 ad
196 1475 263 1535 v.8
289 1475 387 1533 attuli.

223 1582 438 1660 Fragmentum
457 1581 491 1640 B.
514 1583 613 1658 ipsum
633 1600 750 1657 quoque
773 1582 889 1657 primae
912 1581 1067 1641 columnae
1091 1582 1185 1643 fastos
1203 1583 1353 1643 continere
1377 1583 1450 1643 inde

132 1684 270 1759 apparot,
294 1679 374 1758 quod
397 1698 501 1758 margo
520 1680 640 1740 sinister
658 1681 749 1740 extat.
786 1678 850 1738 Iam
869 1698 1025 1739 varocum
1044 1700 1071 1739 r.
1092 1682 1132 1739 22
1153 1685 1216 1740 τοῖν
1225 1681 1446 1763 ,Θεσμοφόροιν

131 1781 248 1838 mentio
275 1778 343 1854 fiat,
374 1779 535 1856 praecepta
563 1777 599 1836 de
627 1778 869 1854 Thesmophoriis
900 1780 1069 1838 continuari
1098 1797 1152 1838 neo
1181 1779 1310 1839 multum
1337 1780 1446 1855 lapidis

131 1879 214 1938 inter
237 1877 266 1936 A
284 1877 360 1936 etB
384 1876 484 1936 deesse
508 1879 572 1936 veri
595 1876 782 1936 simillimum
805 1878 859 1935 est

223 1986 309 2045 v.10
333 1981 494 2062 ἀπόπειραι
518 1983 620 2043 eadem
643 2002 700 2042 vor
722 1985 849 2043 recurrit
866 2005 895 2045 n.
913 1984 986 2044 1οΒ
1005 2005 1033 2044 v.
1050 1985 1079 2061 9,
1101 2004 1129 2043 n.
1147 1985 1222 2044 16A
1241 2005 1267 2044 v.
1284 1986 1313 2060 3,
1336 2006 1364 2045 n.
1382 1987 1448 2044 ida

132 2105 160 2144 v.
181 2085 217 2158 33
241 2083 444 2142 emolumenta
462 2081 624 2142 sacerdotis
644 2081 703 2141 dici
721 2083 915 2141 manifestum
933 2084 986 2155 est,
1010 2082 1061 2159 scd
1079 2082 1153 2158 quid
1170 2083 1350 2144 discriminis
1368 2085 1448 2143 inter

132 2178 285 2261 ἀπόμενρα
307 2180 401 2240 fuerit
424 2182 453 2240 et
476 2178 644 2260 ἱερειόσυνσ,
667 2199 727 2256 qua
750 2199 822 2240 voce
845 2183 1017 2256 ceteroquin
1045 2181 1077 2238 in
1104 2181 1203 2241 titulis
1226 2181 1336 2242 Atticis
1363 2181 1448 2241 velut

131 2283 165 2340 in
187 2282 246 2340 hoo
268 2281 334 2357 ipso
358 2299 384 2339 v.
407 2281 447 2338 12
472 2279 686 2356 significantur,
711 2278 922 2354 quaerendum.
967 2278 1032 2338 Iam
1054 2280 1111 2338 hoo
1134 2280 1200 2339 loco
1224 2298 1291 2339 omn
1314 2282 1384 2339 ante
1404 2277 1446 2352 εἰς

132 2376 284 2460 ἀπόμετρο
302 2379 334 2436 in
350 2377 486 2456 margine
500 2378 717 2453 praescriptum
732 2377 772 2435 sit
786 2368 833 2451 Δ,
852 2378 1009 2453 pecuniam
1023 2377 1170 2436 sacerdoti
1183 2377 1373 2437 tribuendam
1388 2377 1447 2436 dici

132 2481 248 2538 certum
271 2468 370 2556 esau)
408 2475 510 2552 Aeque
534 2477 633 2534 autem
657 2475 830 2534 n.16Ain
853 2475 987 2560 margine
1011 2475 1112 2535 dextro
1136 2477 1239 2536 notam
1262 2477 1447 2535 numeralem

132 2576 278 2652 scriptum
292 2575 384 2634 fuisse
398 2573 461 2632 veri
475 2573 675 2650 simillimum,
690 2574 782 2632 etiam
795 2593 825 2632 n.
837 2574 902 2633 lde
916 2576 969 2632 aut
982 2577 1055 2634 nota
1068 2574 1231 2634 numeralis
1241 2569 1279 2634 Δ
1293 2595 1312 2634 a
1325 2574 1447 2634 sinistra

132 2678 187 2734 sut
206 2663 238 2733 ΙἾ
256 2693 275 2732 a
291 2672 397 2732 dextra
414 2672 578 2748 scriptaad
593 2690 696 2733 vocem
713 2668 863 2752 ἀπόμοιρα
878 2671 1032 2731 referenda
1046 2672 1171 2731 videtur.
1204 2673 1340 2749 Denique
1360 2693 1387 2730 n.
1405 2675 1446 2732 10

131 2791 205 2832 sane
220 2772 317 2832 editor
331 2769 460 2830 Graecus
480 2767 510 2841 ἐς
523 2767 671 2850 ἀπόμοιρα
687 2761 695 2830 Ξ
711 2764 843 2850 δ[ίπρεος
857 2763 1042 2849 λαμβανέτω]
1060 2769 1212 2848 supplevit
1226 2773 1257 2831 et
1275 2789 1310 2830 eo
1328 2771 1446 2848 supple-

132 2874 234 2932 mento
254 2873 365 2930 temere
383 2867 510 2929 confisus
533 2863 698 2946 ἀπόμετρον
712 2893 754 2917 =
774 2865 807 2928 ἐν
829 2865 1006 2948 προσθήκης
1030 2864 1108 2948 μέρει
1129 2867 1297 2946 significare
1320 2866 1447 2947 ἐπίόομα

131 2967 301 3052 πρόσθετον
320 2966 481 3027 contendit
518 2966 561 3026 At
584 2969 614 3026 et
637 2967 877 3044 supplementum
899 2968 929 3025 et
951 2967 1250 3042 interpretamentum
1273 2966 1361 3025 futile
1384 2985 1447 3026 esse

131 3071 225 3146 patet.
260 3065 347 3127 Oerto
365 3066 448 3126 locus
467 3065 518 3125 ille
537 3067 586 3125 vix
605 3068 705 3142 potest
722 3066 850 3139 restitui,
869 3067 1002 3124 attamen
1021 3084 1036 3124 e
1055 3064 1256 3126 distinotionis
1270 3069 1349 3142 nota,
1370 3085 1446 3141 quae

132 3168 212 3228 inter
229 3161 379 3244 ἀπόμειροι
403 3168 433 3224 et
455 3165 589 3223 litteram
608 3157 647 3222 Δ
671 3163 836 3241 dispicitur,
857 3163 990 3238 reliquae
1012 3163 1214 3239 inscriptionis
1233 3183 1261 3221 n.
1280 3163 1354 3223 lOB
1378 3183 1446 3223 oon-

132 3263 291 3326 suetudine
305 3261 493 3322 considerata
506 3263 640 3322 litteram
654 3257 693 3321 Δ
707 3281 739 3320 re
753 3281 826 3320 vera
839 3279 898 3321 non
912 3279 975 3321 osee
988 3263 1110 3321 initium
1125 3261 1263 3321 vocabuli
1276 3261 1376 3338 ullius,
1395 3262 1446 3322 sed

131 3367 238 3424 notam
259 3362 445 3422 numeralem
468 3361 568 3420 decem
591 3360 747 3420 machmas
770 3359 988 3438 significantem
1011 3361 1115 3436 aliqua
1129 3363 1217 3447 *certe
1245 3378 1312 3419 oum
1339 3359 1446 3437 proba-

132 3463 254 3522 bilitate
277 3459 380 3538 colligi
403 3461 509 3535 potest.
552 3457 664 3534 Utique
683 3461 826 3535 quattuor
848 3459 895 3519 bis
914 3459 987 3518 locis
1006 3459 1185 3535 comparatis
1205 3476 1276 3518 voce
1298 3455 1446 3537 ἀπόμειρα

132 3559 292 3637 pecuniam
323 3556 470 3618 sacerdoti
502 3555 690 3616 tribuendam
722 3556 782 3615 dici
815 3556 968 3634 probabile
1001 3559 1053 3617 est.
1111 3556 1297 3633 Quamquam
1333 3576 1370 3615 ne
1402 3557 1446 3615 ita

134 3659 257 3735 quidem
282 3660 349 3716 tota
379 3657 514 3733 quaestio
543 3655 680 3731 expedita
708 3659 766 3730 ast,
798 3675 866 3714 narn
896 3657 988 3714 etiam
1016 3673 1087 3714 voce
1116 3654 1275 3734 ἱερεώσννα
1302 3655 1446 3731 pecuniae

137 3798 349 3806 ..η-ι*-

206 3885 252 3952 12)
274 3897 290 3934 c
313 3879 405 3936 verbis
423 3878 654 3948 Harpocrationie
679 3897 698 3932 s.
715 3896 738 3931 v.
759 3876 928 3948 Πνανόψιαι
952 3877 1049 3934 πόανα
1074 3877 1127 3949 γὰρ
1152 3877 1271 3949 ἕψουσιν
1294 3878 1324 3932 ἐν
1348 3879 1445 3942 αὐτοῖς

133 3963 183 4018 καὶ
204 3961 223 4032 ἡ
247 3961 390 4030 εἰρεσιώνη
414 3959 513 4030 ἄγεται
535 3959 649 4028 chytras
674 3975 730 4013 non
753 3958 783 4011 in
802 3975 907 4029 pompa
929 3961 1065 4028 portatas,
1089 3959 1139 4014 sed
1162 3958 1366 4014 lectisternium
1392 3958 1444 4014 deo

133 4043 298 4097 institutum
317 4057 378 4097 esee
394 4039 481 4094 Pfuul
498 4039 543 4094 De
555 4039 764 4094 Atbauimeicua
778 4039 888 4109 pompis
906 4041 993 4094 ιπονίε
1011 4058 1038 4110 p.
1053 4044 1087 4093 17
1107 4041 1164 4093 not.
1182 4047 1213 4093 11
1234 4042 1310 4095 recte
1329 4039 1445 4110 collegit

134 4127 164 4178 et
181 4123 236 4178 boc
253 4120 339 4176 titulo
359 4121 522 4175 confirmare
541 4118 643 4189 potuit.

206 4205 251 4273 13)
269 4201 350 4256 Pbot.
365 4220 393 4271 p.
409 4205 459 4254 176
479 4198 600 4266 Σιόνια·
621 4198 701 4269 ἑορτὴ
721 4197 867 4270 Ἀθήνησιν
887 4200 917 4255 ἐν
937 4193 955 4274 ᾗ
973 4199 1065 4256 loom
1083 4199 1100 4269 ἡ
1120 4199 1225 4262 ἄνοδος
1242 4200 1377 4272 γενέσθαι
1395 4208 1445 4270 τῆς

134 4283 294 4354 Δήμητρος·
323 4282 518 4350 ἐλοιδοροῦντο
545 4277 573 4333 δ’
602 4279 632 4335 ἐν
661 4281 731 4352 αὐτῇ
761 4281 862 4343 νυκτός
889 4280 919 4334 αἱ
947 4289 1079 4351 γυναῖκες
1106 4279 1248 4348 duritem
1276 4281 1332 4336 vid.
1358 4281 1445 4335 etiam

134 4365 165 4420 Δ.
181 4363 338 4418 Mommsen
357 4363 436 4416 Foeta
454 4379 482 4431 p.
497 4365 548 4415 319
560 4377 600 4430 eq.
620 4362 649 4414 et
668 4359 753 4415 Pinbl
771 4361 789 4415 l.
804 4379 825 4416 c.
845 4379 872 4430 p.
888 4367 921 4414 57
934 4377 974 4430 eq.

206 4447 250 4514 14)
270 4458 356 4512 quare
375 4457 411 4497 no
430 4457 465 4496 ea
486 4441 601 4510 quidem
619 4440 824 4510 interpretatio,
844 4457 928 4510 quam
947 4441 1107 4510 nuperrime
1122 4441 1237 4511 Stengel
1252 4443 1327 4496 Berl.
1343 4443 1443 4496 Philol.

140 4525 355 4591 Wocbcnaohrist
378 4526 447 4576 1904
470 4540 495 4591 p.
511 4526 614 4590 918sq.
638 4520 699 4592 ipse
720 4537 787 4576 saue
811 4521 945 4576 dubitans
971 4522 1129 4591 proposuit,
1154 4521 1221 4576 ferri
1249 4524 1356 4592 potest3
1380 4521 1443 4576 coll.

135 4606 209 4660 euim
228 4604 300 4674 legia
314 4602 444 4659 Milesiae
462 4621 488 4656 n.
505 4607 556 4655 1⁶8
575 4619 601 4655 v.
617 4607 650 4656 37
670 4597 778 4670 γίνεται
793 4598 983 4672 Ὀνιπόόηισιν
998 4633 1031 4642 -
1047 4633 1080 4642 -
1100 4603 1181 4658 θόων
1197 4602 1232 4657 τὰ
1246 4599 1445 4672 περιγινόμενα

134 4690 188 4740 κτλ.
199 4685 226 4740 ei
239 4685 270 4739 in
285 4687 409 4740 mentem
423 4683 508 4750 venit,
522 4698 615 4736 noune
629 4678 773 4750 ἀπόμετροι
787 4681 863 4736 idem
877 4681 935 4736 fere
950 4681 1121 4752 significaret
1135 4699 1168 4737 ac
1181 4683 1217 4737 rol
1231 4681 1444 4753 περιγινόμενοι

136 4767 229 4823 'Solita
252 4762 397 4834 ἀπόμετρα
421 4764 472 4818 dae
495 4762 702 4834 Atgectricbeae
730 4763 872 4830 bedcuten,
899 4763 951 4818 due
977 4764 1044 4818 albor
1071 4764 1122 4818 doe
1145 4765 1344 4832 (meamea)
1372 4765 1445 4832 Μαβ

134 4843 398 4918 Ηόπαιιιγιόιπᾱν9’
428 4843 484 4899 Sed
506 4841 537 4897 id
561 4859 625 4896 cam
649 4842 766 4896 delinita
785 4859 902 4910 summa,
926 4842 1047 4912 quaein
1067 4843 1119 4896 boc
1138 4843 1222 4898 titulo
1242 4843 1360 4912 dicitur,
1379 4859 1445 4898 oon-

136 4927 228 4984 ciliari
246 4925 354 4996 nequit.
