3426 5462
288 301 333 368 42
806 297 1079 355 nEGFBSAGBAE

394 467 417 531 ἁ
446 469 556 532 cutte?
577 517 727 530 .....
748 465 871 544 ὴιέρεια
902 463 1099 548 λαμβα]νέτο
1131 465 1273 544 καθάπερ
1306 465 1323 529 ἐ
1354 464 1407 531 ric
1437 465 1542 544 Ἀρτέ-

341 592 376 640 2o
395 579 485 654 μιδοε
503 621 988 636 ................
1011 571 1207 656 λα]μβανέτο
1238 571 1297 636 τόν
1328 573 1478 650 δεμοείον
1505 572 1542 637 h-

401 730 954 744 ......................
967 679 1018 743 καὶ
1038 673 1120 763 ΞΗ]
1138 679 1220 742 κατὰ
1242 680 1281 744 τὸ
1303 677 1416 759 ὶιιερὸν
1439 679 1543 766 [duduc

378 973 512 1032 'situlum
542 974 658 1049 patriae
685 971 806 1030 Atticae
828 970 971 1029 Wilhelm
998 970 1164 1030 certissima
1192 969 1327 1030 restituit
1352 973 1478 1046 ratione,
1506 991 1599 1048 quam

286 1072 390 1150 paucio
418 1073 462 1130 ita
489 1069 734 1147 comprehendere
761 1069 846 1128 licet:
877 1069 956 1145 lapis
983 1069 1038 1128 elai
1062 1067 1203 1127 Chalcide
1231 1069 1370 1130 inventus
1397 1073 1456 1144 cet,
1486 1071 1599 1130 litteris

286 1175 387 1230 tamen
409 1169 571 1245 inscriptus
598 1173 644 1228 est
666 1167 786 1241 Atticis,
807 1167 911 1243 quales
933 1186 987 1242 per
1014 1185 1107 1226 annos
1130 1167 1315 1228 446—401
1345 1169 1412 1228 usui
1435 1172 1534 1243 crant,
1563 1189 1599 1228 ac

286 1267 415 1346 speciem
439 1266 559 1344 quidem
582 1285 685 1326 earnm
707 1266 755 1325 rel
775 1258 985 1342 Ἀπικωτάτην
1007 1265 1121 1324 iudicat
1144 1265 1196 1324 ille
1218 1265 1351 1342 adeoque
1374 1267 1502 1326 similem
1520 1267 1599 1346 legis

286 1387 309 1426 e.
334 1387 363 1446 g.
386 1367 422 1426 de
450 1364 592 1444 primitiis
620 1364 781 1424 Eleusiniis
803 1385 831 1422 n.
852 1366 886 1438 4,
913 1366 948 1422 ut
975 1381 1010 1422 ex
1037 1361 1140 1422 eadem
1167 1381 1260 1439 paene
1283 1364 1403 1424 officina
1425 1369 1599 1443 provenisse

287 1465 314 1524 ei
337 1463 484 1524 videatur.
521 1463 618 1522 Huius
640 1462 723 1522 modi
745 1461 832 1539 lapis,
854 1462 912 1520 nisi
935 1463 1034 1521 certae
1052 1480 1218 1540 gravesque
1240 1461 1362 1522 obstant
1379 1481 1496 1538 musae,
1515 1464 1599 1524 Atti-

287 1581 339 1622 cae
362 1562 455 1622 tribui
479 1562 526 1622 vel
549 1581 603 1638 per
626 1581 656 1621 ee
679 1561 774 1620 debet.
819 1560 944 1620 Accedit
966 1579 1036 1620 vero
1059 1560 1138 1637 quod
1161 1560 1328 1638 complures
1351 1561 1430 1638 deos,
1449 1581 1525 1638 qnos
1547 1563 1599 1622 hic

286 1660 393 1720 titulus
408 1661 508 1736 refert,
526 1662 558 1718 in
571 1660 675 1719 Attica
689 1677 753 1718 cese
767 1659 863 1719 cultos
877 1661 1001 1718 constat.
1031 1658 1138 1734 Itaque
1156 1676 1203 1717 ree
1221 1678 1276 1735 pro
1290 1659 1445 1735 explorato
1458 1660 1599 1721 habenda

286 1761 332 1818 eet
355 1777 389 1818 uc
412 1777 449 1818 ne
472 1757 510 1817 ad
534 1757 687 1818 oleruchoe
711 1755 831 1834 quidem
853 1757 971 1816 Atticos
994 1756 1147 1816 Euboeam
1171 1757 1333 1816 incolentes
1356 1759 1494 1836 refugere
1517 1758 1598 1819 licet

285 1857 379 1916 Actae
401 1857 453 1932 iio,
481 1873 558 1932 quae
581 1855 617 1915 de
644 1855 840 1916 similitudine
867 1855 1070 1931 inscriptionis
1092 1854 1263 1914 Eleusiniec
1290 1875 1318 1914 n.
1339 1858 1358 1914 4
1383 1858 1462 1916 circa
1485 1876 1598 1917 annum

285 1973 311 2014 a.
332 1953 399 2015 chr.
419 1975 447 2014 n.
467 1957 530 2015 421
556 1957 639 2015 erice
661 1953 801 2012 Wilheim
824 1953 990 2028 adnotavit,
1013 1955 1181 2012 accuratius
1204 1953 1351 2013 definitur.

373 2061 509 2122 Duorum
540 2063 669 2122 laterum
701 2061 803 2121 eadem
835 2079 926 2120 manu
957 2057 1113 2140 στοιχηδὸν
1143 2063 1354 2138 inscriptorum
1382 2062 1511 2122 altemm
1539 2056 1596 2146 (A)

285 2179 371 2222 sacra
398 2159 444 2221 die
472 2159 649 2236 quibusdam
678 2159 819 2220 faciunda
841 2161 987 2233 continet,
1019 2177 1094 2235 quae
1126 2161 1227 2218 tamen
1249 2161 1281 2218 in
1304 2161 1450 2219 fastorum
1474 2162 1597 2222 modum

284 2259 431 2338 disposita
453 2277 513 2318 non
536 2258 684 2334 videntur,
707 2258 834 2318 alterum
858 2249 911 2339 (B)
936 2256 1122 2317 sacerdotum
1145 2258 1344 2318 emolumenta
1367 2277 1401 2317 ex
1429 2260 1466 2319 iio
1490 2261 1598 2338 opinor

285 2355 446 2432 sacrificiis,
465 2356 504 2416 ad
518 2376 594 2433 quae
608 2357 711 2416 lateris
725 2357 753 2415 A
767 2357 926 2434 praecepta
939 2356 1099 2432 pertinent.
1127 2354 1237 2435 Legem
1251 2377 1309 2416 non
1323 2357 1417 2432 ipsius
1430 2356 1595 2418 Athenien·

285 2457 362 2516 rium
385 2457 429 2515 rei
452 2453 588 2531 publicae
607 2473 679 2530 ecee,
702 2454 754 2515 aed
776 2455 872 2531 partis
891 2453 1044 2514 cuiusdam
1068 2453 1200 2514 civitatis
1221 2474 1276 2531 per
1298 2473 1329 2514 se
1348 2456 1411 2514 veri
1429 2457 1528 2516 simile
1551 2461 1597 2517 est

285 2559 316 2614 et
338 2553 531 2613 confirmatur
553 2555 585 2613 ni
608 2554 698 2613 fallor
720 2571 792 2612 voce
819 2551 936 2632 τριπύι,
960 2569 1036 2629 quae
1057 2552 1086 2610 A
1107 2554 1124 2610 7
1148 2552 1268 2632 legitur.
1314 2551 1410 2622 Quam
1437 2555 1535 2614 editor
1558 2555 1595 2614 ad

286 2651 463 2714 sacrificium
486 2650 563 2711 illud
580 2653 671 2711 trium
691 2651 865 2726 hostiarum,
889 2651 924 2709 de
948 2670 1007 2726 quo
1026 2670 1053 2727 p.
1071 2653 1163 2727 lOsq.
1183 2651 1239 2730 egi,
1262 2652 1390 2728 rettulit,
1413 2672 1595 2731 quamquam

285 2751 349 2826 ipae
373 2769 473 2810 casum
501 2749 636 2810 dativum
663 2749 817 2811 insolitum
840 2767 903 2809 esse
930 2749 1078 2828 concedit,
1108 2769 1196 2826 quem
1228 2751 1340 2810 frustra
1366 2753 1411 2810 ite
1438 2752 1595 2812 defendere
1695 2789 1696 2828 p

286 2851 410 2908 conatus
433 2851 486 2923 oet,
510 2849 545 2907 ut
567 2847 614 2908 dei
633 2867 741 2908 nomen
759 2847 944 2908 nominativo
964 2866 1034 2908 caen
1052 2850 1193 2924 positum,
1216 2850 1317 2908 animo
1335 2853 1436 2909 autem
1455 2853 1595 2928 supplen·
1695 2895 1696 2900 .

283 2945 354 3006 dum
382 2963 445 3008 ecce
471 2944 608 3024 τιμάσθω
635 2948 683 3006 vel
711 2947 806 3006 similo
835 2945 950 3022 aliquid
972 2949 1076 3006 contra
1098 2946 1207 3023 reliqui
1234 2948 1317 3006 tituli
1344 2948 1510 3024 exemplum
1534 2967 1594 3008 cre·

284 3043 375 3105 deret.
383 3037 421 3126 ¹⁸)
467 3044 554 3106 Nunc
576 3063 647 3106 vcro
669 3045 770 3105 Attice
792 3044 824 3104 id
848 3043 1041 3119 sacrificium,
1067 3045 1122 3104 illa
1144 3047 1223 3106 certe
1249 3048 1363 3120 aetate,
1391 3048 1512 3106 omnino
1535 3066 1594 3106 non

284 3141 408 3222 τριττύς,
431 3143 482 3204 sed
505 3143 631 3222 τρίποια
654 3145 702 3203 vel
724 3143 838 3222 epictec
862 3135 913 3224 (cf.
932 3145 995 3202 ni
1020 3163 1046 3202 v.
1068 3144 1085 3203 5
1111 3147 1141 3203 et
1164 3146 1183 3202 4
1204 3163 1230 3202 v.
1249 3140 1304 3221 37)
1329 3144 1492 3221 dicebatur,
1516 3167 1591 3224 τριτ-

283 3239 335 3314 τύς
357 3245 462 3302 contra
484 3259 554 3319 pare
577 3241 709 3302 civitatis
734 3246 792 3318 eet3
814 3243 903 3302 unius
925 3243 1019 3321 igitur
1042 3260 1077 3300 ex
1100 3241 1146 3301 hie
1169 3241 1305 3320 partibus
1327 3260 1411 3302 sacra
1429 3243 1485 3304 hoe
1505 3245 1593 3304 titulo

284 3339 426 3400 constitui
450 3341 572 3401 conicio.

372 3445 490 3508 Laterio
527 3448 555 3507 Α
591 3448 725 3527 singulos
762 3467 864 3508 versus
901 3450 941 3507 42
980 3449 1149 3507 litterarum
1185 3448 1277 3508 fuisse
1315 3449 1392 3508 sicut
1428 3449 1532 3510 lateris
1569 3451 1595 3510 B

285 3537 325 3626 (v.
341 3537 435 3627 infra)
453 3547 517 3606 veri
536 3546 634 3606 simile
653 3549 698 3607 eet
717 3565 770 3606 uec
793 3551 892 3606 temen
916 3546 978 3606 ullo
996 3546 1062 3607 leco
1085 3545 1117 3604 id
1140 3547 1273 3622 spatium
1291 3550 1371 3606 certo
1391 3549 1533 3624 expletur.
1552 3581 1593 3591 —

284 3646 346 3702 ν.4
370 3639 563 3724 ἐνστορνύναι
585 3643 742 3724 pompe:
765 3645 797 3704 in
820 3645 907 3705 factis
925 3645 1036 3705 Atticis
1060 3643 1280 3704 substantivum
1303 3647 1478 3722 plerumque
1498 3647 1595 3707 solum

282 3744 405 3818 ponitur
424 3734 525 3824 (Prott
539 3741 626 3803 Fasti
644 3763 672 3802 n.
685 3745 713 3817 1,
728 3763 754 3802 v.
767 3744 807 3803 19
823 3745 854 3804 et
873 3745 928 3820 233
947 3763 975 3803 n
988 3744 1028 3801 26
1043 3735 1178 3826 passim).
1194 3776 1236 3784 -
1256 3763 1283 3802 v.
1299 3747 1317 3804 5
1333 3737 1517 3823 ‘indoleret
1536 3751 1595 3805 tor:
1693 3819 1694 3829 ἵ

285 3839 425 3900 Wilhelm
454 3841 580 3902 fortasse
606 3833 770 3921 Ἀφροδίτα
799 3832 848 3918 ἐφ’
873 3835 1077 3921 Ηιππ]ολύτοι
1107 3841 1303 3918 supplendum
1328 3843 1510 3918 suspicatum
1544 3844 1595 3903 sed

284 3957 451 4016 repugnare
474 3943 547 4014 puto
571 3939 732 3999 articulum
759 3939 817 4016 τόις
844 3941 871 3999 is
895 3939 973 3999 enim
996 3940 1156 4000 manifesto
1179 3958 1195 3998 e
1218 3939 1277 4000 loci
1300 3939 1469 4001 definitione
1493 3959 1594 4016 super-

284 4038 338 4109 est,
362 4053 439 4112 quae
461 4040 562 4097 tamen
585 4037 611 4096 si
634 4056 680 4098 res
694 4037 803 4098 Veneri
830 4037 967 4098 facienda
995 4037 1155 4112 diceretur,
1183 4037 1220 4097 ad
1243 4038 1321 4098 hanc
1343 4039 1443 4115 potius
1466 4039 1594 4098 referen-

284 4133 322 4192 de
351 4135 418 4194 fuit
447 4167 489 4175 -
522 4154 549 4194 v.
574 4137 593 4194 8
627 4133 658 4193 P.
688 4135 839 4212 supplevit
870 4130 1029 4216 Γλαύ]κοι,
1064 4136 1183 4196 etiamsi
1214 4155 1242 4194 v.
1267 4138 1307 4196 12
1339 4135 1417 4195 idem
1449 4143 1595 4212 occurrat

285 4229 443 4303 Ποσιδὲοις
470 4233 489 4290 i.
514 4252 537 4291 e.
561 4233 695 4309 Neptuni
726 4233 809 4294 feriis
838 4233 932 4294 filium
960 4254 1021 4294 una
1049 4253 1115 4294 cum
1143 4236 1229 4311 patre
1258 4233 1370 4294 cultum
1403 4253 1466 4294 esse
1496 4239 1596 4311 ratus;
1692 4277 1693 4296 t

284 4330 422 4406 deinceps
445 4349 513 4390 cum
536 4331 639 4391 eodem
661 4325 820 4412 τ[ράπεζαν
839 4327 1045 4413 ἐνστορνύναι]
1069 4333 1206 4410 supplere
1230 4333 1318 4392 facile
1341 4351 1395 4392 nec
1413 4335 1514 4393 tamen
1533 4352 1593 4393 cer-

284 4432 349 4488 tum
372 4432 426 4502 eet,
453 4431 628 4505 praesertim
652 4449 718 4488 cum
742 4433 826 4490 etv.
847 4433 867 4489 4
890 4435 921 4490 et
944 4451 970 4490 v.
992 4434 1032 4490 14
1059 4432 1178 4491 inverso
1200 4431 1303 4490 ordine
1325 4431 1399 4490 haec
1421 4431 1480 4490 duo
1504 4433 1594 4493 verba

358 4665 401 4730 13)
421 4677 455 4716 ca
473 4661 609 4732 exempla,
629 4679 703 4732 qnae
722 4663 751 4716 P.
772 4663 871 4718 attulit
893 4663 983 4732 (Hem.
1000 4665 1068 4718 138
1086 4666 1116 4719 et
1136 4664 1173 4718 M
1185 4667 1253 4730 310,
1276 4663 1347 4718 Plat.
1364 4663 1448 4735 legg.
1463 4682 1491 4734 p.
1507 4665 1592 4735 9334)
1691 4683 1692 4688 “

283 4741 356 4798 nihil
371 4743 482 4797 adrem
497 4741 603 4798 valent:
621 4761 718 4809 unum,
732 4743 808 4812 quod
821 4745 913 4814 poerit
926 4744 1045 4800 conferri
1060 4743 1227 4814 exemplum,
1246 4745 1367 4805 occurrit
1381 4744 1410 4799 in
1428 4745 1471 4800 tit.
1483 4744 1592 4816 Olymp.

284 4829 370 4960 :23⁸
377 4822 566 4960 dppeinlpgitur
584 4821 631 4895 poi
649 4844 685 4876 κα
703 4823 822 4890 decidet,
847 4825 895 4881 eed
919 4825 1113 4896 interpretatio
1132 4825 1240 4879 incerta
1259 4827 1303 4880 eet
1319 4827 1349 4880 et
1366 4825 1496 4882 universo
1514 4824 1591 4880 tituli
