3424 5462
248 307 314 373 234
766 305 879 360 LEGDS
899 304 1038 360 SAORAE

247 479 342 555 igitur
369 477 404 536 de
432 477 544 536 theoria
572 494 590 534 a
618 474 791 534 civitatibus
814 473 1062 550 Amphictionicis
1090 474 1245 535 mittendis
1274 477 1366 552 atque
1387 495 1407 535 a
1429 475 1560 552 Delphis

248 574 436 652 accipiendis,
459 591 534 650 quos
553 572 672 632 Boeclrh
690 572 887 648 intellexerat,
910 572 961 632 sed
980 573 1016 632 de
1034 574 1071 633 iis
1089 573 1200 632 theuris
1220 574 1329 651 agitur,
1353 591 1426 650 quos
1446 573 1561 650 Delphi

247 674 308 750 ipsi
331 671 369 733 ad
392 671 558 732 nuntianda
581 670 691 747 Pythia
713 673 746 729 in
768 671 901 749 singulas
925 670 1063 731 civitatee
1086 673 1204 731 mittere
1227 663 1424 750 debebantffi)
1470 671 1560 732 Unde

247 772 309 831 tale
332 770 392 830 fere
415 769 654 846 supplementum
678 787 709 830 se
732 768 836 828 offerre
859 767 978 828 videtur
1002 766 1052 840 τὸς
1075 765 1106 829 δὲ
1130 763 1276 848 Mutius
1299 769 1409 848 θεαρὸς
1430 767 1560 830 παντόσε

247 865 424 946 πεμπόντων
452 865 579 944 Δ]ελφοί
610 874 663 926 τοῦ
691 866 803 927 Bootes
836 864 938 944 μηνός.
984 865 1043 926 Sed
1069 886 1173 926 vereor
1200 887 1237 926 ne
1264 869 1297 927 in
1324 869 1380 928 tali
1407 867 1560 928 sententia

247 968 391 1026 articulus
424 969 493 1025 ente
522 964 653 1025 Πυθίων
680 984 767 1044 aegre
799 965 989 1024 desideretur.
1039 964 1147 1041 Itaque
1178 984 1284 1025 moneo
1316 983 1402 1041 posse
1429 967 1560 1044 cogitari

248 1067 337 1124 etiam
361 1064 397 1123 de
421 1065 477 1124 tali
500 1063 719 1140 supplemento:
746 1061 796 1134 τός
820 1055 847 1123 δ’
873 1059 1116 1142 {admittemur
1137 1060 1173 1122 τὰ
1196 1062 1303 1123 Πύθια
1325 1061 1502 1141 πεμπόντων
1520 1067 1558 1122 Δ.

246 1161 313 1221 Iam
334 1182 405 1222 vero
430 1162 502 1240 quid
523 1163 659 1238 proximo
681 1164 840 1238 praecepte
863 1161 923 1234 fiet,
946 1161 982 1220 de
1006 1179 1064 1237 quo
1088 1164 1246 1237 supersunt
1267 1159 1324 1222 πὸτ
1341 1160 1392 1221 τὸν
1410 1161 1485 1221 θεὸν
1504 1159 1560 1220 adt

247 1258 282 1319 τὰ
305 1259 412 1341 πάτρια
435 1259 580 1321 διδόντων
601 1263 664 1332 τοῖς
686 1257 837 1336 nespas?
874 1259 1046 1319 Subiectum
1069 1277 1133 1318 esse
1156 1278 1272 1334 nomen,
1295 1278 1354 1336 quo
1377 1259 1517 1319 civitates
1539 1279 1560 1317 a

246 1357 372 1434 Delphis
399 1361 546 1419 invitatae
576 1357 795 1437 significantur,
825 1375 893 1416 cum
920 1356 1060 1417 universo
1084 1375 1196 1416 conexu
1219 1361 1283 1416 turn
1306 1357 1442 1434 reliquiis
1466 1377 1493 1416 v.
1515 1358 1558 1416 48

248 1450 406 1536 δέ]ιιωνται
442 1454 497 1515 τὰν
529 1453 682 1536 ἐκεχηρίαν
718 1459 851 1532 apparet.
912 1454 970 1514 Sed
1006 1473 1061 1515 nec
1097 1455 1245 1532 quomodo
1282 1455 1321 1515 ad
1356 1456 1417 1515 tale
1448 1475 1561 1516 nomen

247 1554 444 1630 supplendum
471 1555 579 1614 lacuna
601 1573 629 1613 v.
649 1555 690 1613 46
719 1553 861 1628 sufficiat,
892 1572 945 1612 nec
967 1552 1044 1613 illud
1066 1552 1122 1614 πὸτ
1144 1552 1195 1614 τὸν
1217 1552 1292 1614 θεόν
1315 1571 1375 1629 qno
1398 1556 1559 1630 pertineat,

247 1671 397 1729 assequor.

337 1749 475 1811 Ceterum
507 1751 643 1826 quamvis
675 1751 771 1810 multa
803 1749 894 1809 dubia
921 1750 982 1810 sint
1008 1751 1040 1808 in
1068 1749 1124 1810 hoc
1150 1751 1263 1827 capite,
1294 1767 1340 1810 res
1367 1752 1470 1809 temen
1498 1768 1560 1808 nna

248 1851 426 1928 gravissime
453 1846 522 1907 inde
550 1851 631 1907 certo
654 1848 859 1907 confirmatur:
892 1847 1056 1908 certamina
1078 1847 1189 1924 Pythia
1211 1865 1311 1908 mense
1334 1847 1461 1906 Bucatio
1490 1849 1560 1906 acta

247 1937 372 2028 esse³⁶);
391 1945 472 2022 quod
490 1949 645 2022 praeterea
659 1947 695 2004 A.
709 1946 875 2006 Mommsen
892 1966 921 2022 p.
939 1947 1000 2005 152
1018 1965 1033 2005 e
1051 1946 1149 2006 verbis
1168 1943 1301 2006 ἒνιαυτία
1319 1941 1339 2004 ct
1357 1937 1560 2024 bpopgvtcffi)

249 2041 268 2103 ἆ
287 2043 412 2117 Πυθιάς
434 2064 494 2104 non
516 2043 614 2103 solum
635 2046 827 2120 penteterica,
851 2044 902 2104 sed
924 2044 1016 2104 etiem
1039 2063 1139 2103 annua
1161 2043 1252 2102 fuisse
1271 2043 1448 2120 Pythiorum
1469 2061 1559 2120 qnae-

247 2141 316 2201 dam
339 2143 496 2202 sollemnia
519 2142 650 2218 collegit,
672 2143 704 2202 id
726 2161 781 2218 pro
805 2145 884 2201 certo
908 2141 1025 2201 tradere
1048 2141 1161 2201 dubito.

338 2338 385 2393 76.
418 2337 535 2407 Delphis
559 2338 589 2392 in
611 2355 689 2393 muro
719 2339 957 2393 substructionum
980 2337 1094 2406 templi;
1121 2337 1152 2391 in
1175 2338 1273 2392 eodem
1297 2335 1394 2407 lapide
1417 2353 1504 2408 supra
1529 2341 1560 2390 et

247 2419 345 2474 dextra
368 2419 418 2474 alii
441 2418 527 2474 tituli.
570 2417 699 2486 Quinque
722 2418 829 2488 primos
852 2435 947 2473 versus
973 2417 1036 2472 edd.
1051 2416 1338 2472 Wescher-Foucart
1360 2419 1447 2472 Iuor.
1467 2417 1559 2473 seed

249 2500 367 2569 Delpbee
389 2517 415 2553 n.
431 2504 491 2566 469,
519 2501 612 2553 totum
638 2498 754 2553 titulum
778 2498 899 2554 Foncart
913 2493 1008 2554 ’ΒΘΗ
1024 2497 1076 2552 VII
1093 2517 1120 2568 p.
1136 2503 1188 2551 427
1212 2503 1270 2552 nt
1295 2515 1328 2551 ex
1350 2496 1559 2552 Hauseoullieri

246 2579 423 2650 apographo;
452 2579 554 2634 deinde
578 2597 601 2632 v.
623 2583 714 2634 1-20
741 2579 833 2634 denno
862 2578 1010 2647 exscripsit
1033 2580 1062 2632 et
1085 2577 1128 2632 ed.
1148 2577 1274 2633 Pomtow
1296 2577 1392 2633 Jahrb.
1411 2577 1462 2643 fair
1485 2577 1558 2632 Plu.

247 2665 316 2714 1894
334 2678 361 2730 p.
378 2665 429 2714 663
448 2677 475 2714 n.
491 2665 507 2713 3
526 2662 556 2714 et
573 2678 601 2728 p.
616 2665 681 2725 8383
705 2661 797 2713 totum
819 2659 936 2712 titulum
958 2658 1061 2712 iterum
1080 2657 1184 2712 Michel
1204 2658 1315 2713 Recuea'l
1334 2662 1399 2724 266,
1423 2656 1560 2711 Bannack

246 2739 361 2795 νοω
376 2745 454 2805 nese,
474 2739 673 2811 Diuenberger
690 2739 773 2810 syn!
791 2745 851 2793 aas.

300 2885 477 2965 Ἄρχοντα(
502 2885 537 2950 ἐν
556 2887 703 2966 Δελφοῖς
721 2885 860 2964 Πραξία·
883 2886 1030 2951 Πυθίων
1055 2886 1145 2951 ἔδοξε

300 2996 368 3058 rote
419 2993 664 3072 ἱερομνημόνοιε
713 2994 902 3073 Δελφῶν
950 2993 1145 3072 Ξενοκράτει

299 3100 456 3179 Πραόχοο
471 3103 534 3164 κτλ.
580 3104 718 3178 Sequitur
735 3106 822 3179 longa
839 3107 929 3165 certes
941 3107 1094 3164 omninum
1108 3108 1265 3164 οοίωωνω
1278 3104 1559 3172 ίιὶονοωιιενιωιιιιιι,

299 3229 388 3285 quam
411 3213 457 3272 bic
478 3215 603 3286 repetere
625 3228 698 3285 opas
719 3229 780 3270 ποπ
803 3216 860 3284 eet,·
882 3212 986 3271 deinde
1006 3230 1033 3272 ν.
1050 3214 1092 3271 19
1109 3209 1183 3270 med.
1197 3215 1267 3284 post
1288 3212 1378 3270 triam
1400 3211 1462 3282 sere
1486 3210 1559 3270 leue-

298 3336 403 3376 ναννιιι
426 3321 556 3392 spatium
578 3337 704 3378 ναανιιιν
725 3320 825 3392 ipsum
848 3319 993 3378 decretum
1015 3319 1093 3378 ίινιια
1114 3319 1147 3376 iu
1168 3317 1303 3376 modum:

717 3423 774 3484 ric
797 3419 885 3499 ἱερᾶς
908 3421 1016 3498 χώρας
1039 3420 1196 3499 ὑπάρχειν
1219 3419 1323 3485 τόπον

246 3543 281 3591 so
300 3531 369 3591 scic
392 3527 492 3606 ἱεραῖς
517 3528 605 3608 βόοι(
628 3529 679 3591 καὶ
701 3525 813 3591 ἵπποι(
837 3528 1126 3605 καταλελειμμένον
1150 3526 1216 3590 ἀπὸ
1240 3529 1297 3591 τᾶ(
1321 3524 1354 3589 ὁ·

301 3638 360 3699 δοῦ
383 3637 441 3698 stc
467 3633 519 3698 ἐπὶ
541 3634 579 3698 τὸ
603 3632 759 3712 Ἀετυρον
784 3632 930 3711 duodece,
956 3631 987 3696 du
1011 3633 1032 3697 ἁ
1055 3633 1133 3698 ὁδὸς
1156 3633 1226 3710 ἄγει
1250 3632 1302 3697 ἐπὶ
1325 3633 1384 3696 τὸν
1407 3632 1489 3696 Παι·

300 3741 514 3806 actitasset
538 3740 573 3804 ἐν
596 3740 634 3804 τό
658 3739 855 3806 ΛακωνικόνΙ
880 3739 945 3804 ἀπὸ
969 3743 1028 3806 τοῦ
1052 3738 1237 3804 Λακωνικοῦ
1261 3739 1297 3803 ἐν
1321 3760 1403 3804 caor-
1417 3738 1442 3820 1)

300 3849 340 3912 ὰν
364 3848 400 3912 ἐν
422 3847 482 3912 τὰν
505 3847 614 3912 νάπαν
637 3847 697 3912 τάν
717 3847 752 3911 ἐν
775 3847 986 3926 Ἱεραπέτειαν
1010 3845 1167 3931 [dioneos
1191 3847 1240 3910 καὶ
1265 3843 1334 3927 ω’)
1358 3845 1391 3926 ἁ]
1417 3845 1496 3910 ὁδὸς
1521 3845 1557 3910 d-

317 4042 361 4108 64)
386 4038 522 4093 nonnulla
541 4039 576 4094 de
590 4039 634 4093 his
649 4039 791 4109 congessit
804 4039 892 4093 Baun.
904 4039 1003 4095 Philet.
1015 4043 1049 4092 64
1063 4057 1090 4108 p.
1102 4043 1202 4106 tleqq.
1215 4041 1244 4092 et
1257 4037 1280 4093 S
1285 4037 1369 4092 GDI
1388 4037 1424 4090 ad
1437 4055 1464 4091 n.
1476 4042 1556 4092 2580.

246 4119 417 4173 Gravissima
439 4117 603 4174 testimonia
625 4119 763 4189 praebent
784 4118 965 4188 plebiscitum
989 4117 1120 4173 Chiorum
1143 4117 1227 4190 Syll)
1244 4122 1297 4172 206
1316 4119 1345 4171 et
1367 4117 1410 4172 tit.
1431 4117 1557 4172 ineditus

245 4197 409 4268 Delphicus,
428 4215 443 4253 e
463 4215 517 4267 quc
537 4197 731 4254 Haussoullier
749 4201 845 4255 BOH
859 4199 885 4254 V
902 4217 929 4269 p.
945 4204 997 4252 313
1016 4197 1100 4253 verba
1119 4197 1201 4253 affert
1218 4198 1300 4252 haec:
1326 4197 1423 4267 ἐπειδὴ
1442 4198 1558 4254 ἐπανεί-

245 4276 347 4340 θόντες
364 4279 470 4346 decoci
489 4278 517 4334 οί
535 4277 736 4343 ἀποσταλέντες
754 4279 801 4334 ἐπί
818 4279 869 4348 τὴν
888 4276 1056 4348 ἐπαγγελίαν
1075 4287 1130 4333 τῶν
1150 4274 1278 4334 Πυθίων.

318 4362 363 4428 36)
390 4358 519 4429 pluribus
543 4360 578 4415 de
601 4360 654 4414 hac
676 4377 706 4414 re
730 4359 921 4415 disseruerunt
938 4358 1053 4413 Boeclrh
1072 4359 1108 4412 ad
1129 4360 1176 4414 01
1178 4359 1204 4413 G
1224 4363 1301 4425 1688,
1327 4357 1476 4412 Kirchhoff
1491 4359 1557 4414 Mo·

246 4439 362 4494 ιιαιοόιν.
382 4439 408 4493 d.
424 4441 499 4494 Berl.
514 4441 605 4495 Alcaei.
626 4445 695 4494 1864
713 4433 889 4510 p.129sqq.ss
908 4438 943 4494 cf.
963 4439 1049 4494 etiam
1068 4437 1189 4494 Kochler
1208 4439 1245 4492 ad
1263 4440 1313 4494 10
1331 4437 1380 4492 Ill
1401 4457 1428 4508 p.
1444 4444 1505 4492 ³19.

318 4521 362 4588 36)
385 4518 471 4573 schol.
485 4519 567 4575 Pind.
582 4519 663 4575 Nem.
677 4519 740 4574 1111
761 4518 920 4591 ίερομηνίαι
938 4518 969 4575 dt
987 4517 1115 4589 ίίγονται
1129 4517 1160 4573 ul
1179 4519 1262 4593 ἐντῷ
1281 4519 1348 4590 μηνί
1366 4517 1440 4586 ίεοαί
1454 4518 1556 4588 ἡμέραν

247 4596 410 4666 οίαιδήποτε
428 4602 509 4664 θεοῖς
526 4599 684 4670 assueta
703 4601 753 4654 sed
772 4599 807 4654 of.
823 4601 908 4654 etism
927 4600 963 4654 ad
982 4604 1086 4656 α.169.

337 4736 360 4800 1)
389 4733 420 4787 id
438 4733 532 4803 ipsum
550 4733 640 4788 Pomt.
660 4751 676 4789 e
693 4733 789 4804 lapide
808 4734 895 4802 dedit,
915 4735 1061 4806 ΣΚΛΓΙΑΝ
1081 4733 1163 4789 Fouc.

335 4817 361 4882 2)
391 4814 481 4884 suppl.
496 4813 585 4869 Baun.
601 4814 636 4868 cf.
650 4832 675 4868 v.
691 4820 734 4880 21,
752 4814 845 4868 minus
862 4814 1050 4884 probabiliter
1067 4815 1097 4868 F.
1113 4818 1142 4869 et
1157 4814 1235 4869 Dttb.
1253 4813 1305 4869 τὰν
1324 4813 1355 4870 dv
1368 4811 1555 4882 Ἰεραπετείαι

247 4889 323 4962 [ποτ’
339 4891 437 4962 ὀρθόν,
456 4894 493 4956 ὡς
506 4894 525 4948 ἁ
540 4893 607 4959 ὁδός
626 4893 712 4966 dhon
731 4895 912 4964 οΠΕΤΕΙΑΝ,
931 4911 987 4950 non
1001 4897 1158 4950 οΠΕΤΕΙΑΙ
1175 4895 1311 4964 scriptum
1328 4896 1451 4949 testatur
1464 4894 1553 4950 Pomt.
