3424 5462
764 339 878 396 Lucus
897 339 1037 396 SAGRAE

425 521 440 571 5
461 528 498 572 ας
514 507 566 572 ΗΗ
583 502 694 592 (bp.)¹)
713 505 814 584 tepuit
832 508 890 570 τᾶς
904 505 1092 585 Δάματρος·
1112 501 1269 592 (θ)ηρήτω
1289 504 1340 589 [δὲ

407 669 415 684 .
460 614 481 680 ά
513 614 758 693 θοιναρμόςτρια
795 613 846 677 καὶ
882 614 934 677 ταὶ
968 612 1051 692 ἱεραὶ
1085 613 1137 677 καὶ
1172 615 1232 677 τᾶν
1270 611 1340 697 ἄ[λ-

460 725 521 787 λαν
567 720 587 785 ά
634 721 826 799 ἐπιτυχῶςα·
872 719 899 785 εἰ
945 721 982 784 δέ
1027 741 1067 784 κα
1108 719 1129 784 ά
1171 721 1340 799 θοιναρμό-

460 848 549 908 ςτρια
577 831 685 906 ποθιῆι
715 827 780 906 πὰρ
811 828 870 891 τὸν
893 827 995 904 νόμον
1018 828 1091 892 τινὰ
1120 830 1217 905 ποιῆν
1240 827 1259 904 ἢ
1284 827 1340 892 αὐ-

459 935 499 1000 τὰ
513 939 678 1014 παρνομεῑ,
698 932 899 999 άπατειςάτω
915 934 968 999 ΗΗ
985 933 1062 1016 (op.)
1077 933 1165 1014 ἱερὰς
1184 935 1241 999 τὰς
1255 933 1340 1018 Δ[ά-

406 1057 440 1106 10
459 1061 594 1121 ματρος·
632 1042 683 1106 τοὶ
719 1043 755 1106 δὲ
794 1041 906 1120 {liberor
944 1041 1122 1121 πράξαντες
1157 1042 1196 1106 τὸ
1234 1041 1339 1108 ἐπιζά-

459 1169 531 1228 μιαν
572 1150 632 1214 τάν
673 1149 938 1227 θοιναρμόςτριαν
980 1147 1154 1213 ἀποδόντω
1195 1151 1247 1213 τᾶν
1289 1154 1339 1213 θε-

458 1261 509 1321 du·
555 1256 615 1321 τὰν
661 1257 697 1320 δὲ
744 1253 865 1334 ῥήτραν
909 1256 1031 1320 ταύταν
1073 1255 1259 1334 γράψαντες
1304 1256 1340 1320 ἐν

458 1362 577 1428 (τάλαν
629 1362 752 1426 λιθίναν
805 1361 950 1427 άνθέντω
1005 1363 1056 1427 τοὶ
1110 1363 1222 1442 βίδυιαι
1275 1362 1340 1428 ὑπὸ

458 1470 517 1534 τὸν
547 1471 629 1534 ναὸν
659 1473 716 1533 τᾶς
741 1468 925 1548 Δάματρος.

332 1635 546 1714 Fragmentum
577 1634 652 1711 legis
685 1633 720 1692 de
748 1635 840 1692 sacris
870 1632 982 1693 Cereris
1006 1625 1047 1714 (v.
1069 1635 1087 1692 5
1111 1637 1142 1692 et
1167 1625 1222 1716 14)
1251 1633 1412 1694 secuudum
1439 1634 1554 1693 litteru-

243 1731 343 1792 turam
365 1735 529 1809 posteriore
549 1736 634 1808 parte
652 1733 736 1791 tertii
755 1735 808 1790 aut
826 1733 924 1808 priore
944 1731 1066 1791 alterius
1086 1751 1112 1791 a.
1128 1731 1195 1792 Ghr.
1210 1751 1237 1790 n.
1253 1733 1365 1792 saeculi
1383 1733 1553 1808 inscriptae.

243 1831 385 1908 Superior
407 1835 438 1890 et
461 1832 524 1890 sine
548 1830 638 1889 dubio
660 1831 750 1908 longe
773 1831 869 1889 maior
891 1849 961 1906 pars
983 1829 1086 1906 periit3
1111 1849 1187 1905 quae
1211 1834 1331 1889 servata
1353 1833 1407 1905 est,
1431 1850 1497 1890 eam
1516 1829 1556 1888 ad

242 1929 376 1989 ordinem
408 1929 564 2005 epularum
595 1946 746 1987 sacrarum
779 1930 926 2004 pertinere
959 1931 989 1986 et
1020 1947 1092 1987 voce
1124 1927 1246 1987 δεῖπνον
1274 1930 1340 1987 ν.2
1374 1932 1404 1988 et
1432 1947 1554 1987 munere

242 2019 536 2109 thoinermostrise⁸)
551 2025 778 2086 demonstratur.
812 2027 856 2085 De
876 2027 967 2086 sacris
983 2044 1000 2084 a
1019 2025 1137 2085 feminis
1157 2026 1228 2086 solis
1247 2025 1431 2086 celebrandis
1451 2027 1500 2104 agi
1519 2045 1554 2085 eo

243 2127 381 2204 apparet,
414 2125 494 2201 quod
527 2145 597 2184 cura
620 2124 732 2182 ordinis
760 2124 898 2182 servandi
926 2123 1022 2183 solum
1049 2125 1169 2182 feminis
1198 2123 1358 2182 mandatur
1385 2115 1426 2203 (v.
1453 2117 1554 2205 deq).

243 2223 477 2299 Thesmophoria
499 2223 594 2301 igitur
611 2223 659 2281 vel
678 2222 789 2281 similia
809 2220 921 2280 Cereris
942 2223 1086 2297 mysteria
1104 2221 1251 2281 dicuntur.
1289 2221 1423 2291 Quocum
1442 2222 1554 2298 optime

242 2322 380 2382 convenit
403 2323 515 2381 mentio
539 2320 729 2395 feminarum,
758 2337 833 2395 quae
860 2318 939 2400 ἱεραί
959 2322 1113 2378 vocantur.
1158 2319 1222 2378 Has
1246 2321 1325 2379 enim
1347 2322 1380 2378 in
1402 2321 1468 2396 lege
1491 2321 1553 2378 An·

242 2420 331 2479 dania
359 2441 387 2478 n.
409 2421 449 2480 58
479 2420 515 2478 de
544 2419 693 2495 mysteriis
717 2416 816 2476 Cereri
844 2419 874 2476 et
896 2417 1021 2495 Hagnae
1049 2417 1231 2477 celebrandis
1262 2417 1470 2495 cognovimus,
1501 2418 1554 2476 ubi

241 2519 343 2576 tamen
369 2537 424 2592 pro
453 2520 562 2576 natura
589 2517 711 2576 illorum
734 2518 764 2574 et
786 2517 859 2574 viris
883 2517 913 2573 et
940 2516 1058 2574 feminis
1083 2518 1251 2592 patentium
1273 2534 1333 2573 non
1357 2515 1444 2575 modo
1469 2515 1554 2592 ἱεραί,

241 2615 293 2674 sed
316 2616 407 2674 etiem
430 2615 506 2692 ἱεροί
527 2619 808 2688 commemorantum
832 2617 922 2689 atque
945 2613 1101 2672 Andaniae
1126 2613 1245 2689 quidem
1263 2613 1330 2688 viri,
1353 2616 1387 2672 ut
1405 2633 1461 2691 par
1480 2615 1553 2688 eret,

242 2713 471 2772 administrandi
494 2716 524 2771 et
546 2712 697 2773 iudicandi
722 2711 827 2771 officiis
851 2711 1053 2789 fungebantur
1075 2703 1118 2792 (ν.
1141 2731 1168 2787 ρ.
1191 2703 1336 2793 179sq.),
1363 2712 1412 2770 hic
1436 2712 1554 2771 easdem

242 2815 345 2887 partes
369 2811 487 2871 feminis
511 2813 603 2871 sacris
626 2810 764 2870 mandari
787 2809 929 2869 videmus.

333 2915 367 2974 V.
385 2920 401 2976 1
427 2911 602 2996 εὐκ]οσμίαν
621 2916 718 2976 editor
736 2915 897 2994 supplevit,
916 2916 947 2974 id
966 2916 1045 2992 quod
1063 2917 1090 2976 si
1108 2935 1226 2976 sensum
1244 2919 1370 2992 spectas,
1391 2914 1554 2974 admodum

242 3014 396 3091 probabile
420 3019 473 3090 est,
496 3015 547 3074 sed
570 3015 715 3090 reliquiae
738 3016 803 3074 eius
826 3015 954 3089 litterae,
977 3033 1053 3090 quae
1077 3014 1108 3072 in
1130 3015 1261 3092 imagine
1279 3017 1349 3074 ante
1368 3003 1400 3074 Ο
1420 3013 1554 3072 indican-

241 3117 304 3186 tur,
332 3113 548 3173 dubitationem
576 3132 661 3172 more
683 3114 704 3171 t.
729 3145 772 3153 -Ἰ
794 3133 821 3172 ν.
843 3114 861 3170 2
886 3112 922 3171 de
945 3114 1018 3172 viris
1042 3113 1214 3172 contrusae
1238 3112 1276 3171 ad
1299 3113 1403 3189 epulas
1428 3113 1554 3170 famina-

241 3231 308 3270 rum
327 3211 636 3287 appropinquantibus
658 3193 909 3270 sermonem'esse
934 3211 1082 3270 existimo:
1106 3211 1142 3269 cl.
1162 3230 1189 3267 n.
1207 3212 1268 3270 121
1289 3230 1316 3269 v.
1333 3211 1374 3270 10
1394 3211 1552 3268 etn.175

241 3329 269 3369 v.
286 3311 375 3384 8sqq.
396 3341 437 3350 -—
456 3311 519 3368 ub
541 3309 665 3368 verbum
683 3313 784 3388 θηρᾶν
803 3311 909 3367 notatu
927 3308 1015 3368 valde
1033 3309 1156 3386 dignum
1175 3311 1233 3384 θεάς
1257 3307 1336 3384 quod
1351 3307 1554 3368 Wilamowitz

242 3406 321 3482 apud
345 3406 488 3468 editorem
511 3409 603 3466 vertit
627 3402 803 3482 ‘auclq'upen
826 3398 1015 3488 (uersolpen)'
1041 3409 1071 3466 et
1098 3406 1196 3465 editor
1222 3407 1286 3482 ipse
1315 3409 1469 3482 comparat
1493 3400 1554 3464 ‘tle

236 3499 377 3580 pureuer'
402 3506 478 3584 legis
502 3504 644 3564 Scoticae.
690 3505 753 3564 Nec
776 3524 845 3564 vero
869 3505 966 3563 facere
988 3521 1122 3580 possum,
1149 3506 1325 3581 praesertim
1354 3505 1379 3563 si
1402 3522 1493 3580 supra
1517 3501 1553 3562 de

241 3603 314 3664 viris
337 3622 356 3663 a
379 3604 449 3662 fano
472 3603 663 3679 prohibendis
687 3604 737 3680 agi
760 3606 838 3662 recte
862 3603 965 3678 statui,
991 3605 1062 3678 quin
1086 3602 1176 3662 verbo
1198 3602 1252 3661 illo
1275 3602 1449 3660 memoriam
1474 3604 1553 3660 certe

241 3701 317 3761 ritus
345 3701 473 3761 alicuius
501 3701 619 3777 antiqui
648 3701 743 3760 latere
766 3702 905 3776 suspicer.
929 3733 971 3742 —
995 3720 1023 3758 v.
1045 3703 1086 3761 10
1109 3699 1221 3778 βίδυιοι
1244 3699 1385 3759 Messenii
1408 3699 1553 3775 ampliore

240 3801 390 3876 potestate
414 3818 506 3875 quam
530 3799 672 3876 Spartani
695 3799 785 3859 fuisse
810 3799 955 3858 videntur.

330 4013 380 4068 άθ.
400 4013 518 4068 Lamina
532 4017 621 4068 aenea
634 4016 715 4068 eruta
727 4011 905 4081 Olympiae
921 4015 987 4067 ante
1005 4012 1104 4082 templi
1118 4012 1190 4067 Iovis
1210 4011 1355 4082 angulum,
1376 4011 1426 4080 qui
1441 4015 1553 4081 spectat

241 4093 316 4148 inter
335 4093 553 4161 septentrionem
573 4095 602 4148 et
620 4094 765 4158 orientem,
785 4093 875 4146 fracta
889 4109 906 4146 a
921 4092 1017 4147 dextro
1036 4092 1171 4163 margine,
1192 4091 1242 4146 sed
1260 4092 1374 4146 initium
1392 4091 1551 4160 inscriptio·

241 4173 285 4227 nis
304 4173 387 4228 docet
406 4172 473 4227 olim
491 4174 614 4243 priorem
631 4177 741 4243 purtem
759 4172 837 4228 tituli
851 4173 882 4226 in
896 4173 986 4227 altera
1005 4172 1103 4228 tabula
1119 4191 1135 4227 a
1150 4172 1263 4226 sinistre
1278 4171 1441 4226 adiunctam
1455 4171 1552 4238 husee,

241 4268 257 4307 e
276 4270 332 4322 qna
351 4253 540 4324 fragmentum
559 4254 679 4310 fortasse
699 4254 779 4308 adest
798 4255 902 4308 Iusctr.
917 4271 941 4308 e.
959 4253 1063 4324 Olymp.
1083 4271 1110 4307 s.
1126 4257 1151 4306 6.
1183 4252 1254 4306 Edd.
1274 4251 1311 4306 hl.
1327 4251 1449 4306 Frankel
1467 4253 1551 4308 Aret.

331 4453 358 4520 2)
386 4451 416 4504 in
438 4449 534 4519 lapide
558 4449 733 4521 significetur
757 4449 923 4519 compendio
943 4451 959 4502 l‘
978 4449 1053 4502 inter
1075 4447 1246 4519 superiorem
1264 4449 1374 4517 partem
1397 4449 1483 4501 notae
1501 4465 1552 4501 nu-

242 4531 355 4586 merabo
376 4533 397 4584 Η
417 4531 561 4601 inscripto,
581 4532 656 4600 quod
676 4549 739 4586 cnm
758 4533 825 4585 nota
844 4529 939 4584 Attica
959 4534 974 4581 r
993 4529 1086 4583 editor
1103 4531 1255 4598 comparat.

332 4613 359 4681 3)
387 4612 421 4664 de
440 4627 555 4666 munere
574 4612 634 4666 eius
654 4611 688 4667 cf.
703 4630 730 4681 p.
748 4616 813 4677 182;
831 4610 939 4677 titulos,
959 4609 989 4664 in
1007 4609 1110 4678 quibus
1128 4609 1258 4675 occurrit,
1276 4624 1373 4662 omnes
1392 4609 1430 4662 ad
1444 4607 1550 4662 Cereris

242 4695 271 4746 et
289 4691 472 4760 Proserpinae
491 4708 571 4746 sacra
589 4693 729 4761 pertinere
749 4691 837 4745 videri
855 4693 931 4744 recte
949 4690 1058 4745 monuit
1076 4689 1113 4744 Μ.
1125 4689 1160 4743 N.
1170 4689 1239 4744 Tod.
1271 4687 1311 4742 Cf.
1327 4689 1414 4742 etism
1433 4706 1457 4742 v.
1472 4687 1551 4742 Prott

242 4771 325 4826 Fusii
342 4789 369 4840 p.
386 4775 418 4824 87
439 4772 475 4825 ad
494 4790 521 4826 n.
537 4777 570 4826 15
589 4789 615 4826 ν.
632 4778 664 4825 12
685 4776 714 4826 et
734 4773 817 4827 MAI
832 4771 921 4825 XXIX
939 4789 967 4840 p.
983 4776 1074 4839 lsqq.‚
1093 4769 1144 4823 ubi
1163 4771 1290 4839 templum
1309 4767 1383 4822 illud
1400 4769 1550 4837 Apollines,

242 4851 272 4905 in
291 4868 346 4919 quo
366 4851 518 4906 Fourmont
536 4851 635 4906 titulos
655 4853 722 4908 CIG
741 4858 819 4906 1435.
839 4857 916 4906 1436.
938 4856 1006 4905 14³9
1026 4866 1056 4905 se
1074 4850 1253 4919 exscripsisse
1272 4849 1326 4916 ait,
1345 4849 1439 4918 potius
1457 4846 1549 4903 Ἐλεα-

243 4929 333 4986 σίνιον
352 4947 369 4985 a
387 4930 470 4987 Pens.
485 4932 523 4986 lll
538 4937 604 4998 20st
625 4934 873 4987 commemoratum
892 4931 979 4986 fuisse
998 4931 1114 4985 monuit.
