<?xml version="1.0" encoding="UTF-8"?>
<!DOCTYPE html PUBLIC "-//W3C//DTD XHTML 1.0 Transitional//EN"
    "http://www.w3.org/TR/xhtml1/DTD/xhtml1-transitional.dtd">
<html xmlns="http://www.w3.org/1999/xhtml" xml:lang="en" lang="en">
 <head>
  <title>
</title>
<meta http-equiv="Content-Type" content="text/html;charset=utf-8" />
  <meta name='ocr-system' content='tesseract 3.04.00' />
  <meta name='ocr-capabilities' content='ocr_page ocr_carea ocr_par ocr_line ocrx_word'/>
</head>
<body>
  <div class='ocr_page' id='page_1' title='image "./legesgraecorums00ziehgoog_0343.png"; bbox 0 0 3434 5464; ppageno 0'>
   <div class='ocr_carea' id='block_1_1' title="bbox 280 256 1076 322">
    <p class='ocr_par' dir='ltr' id='par_1_1' title="bbox 280 256 1076 322">
     <span class='ocr_line' id='line_1_1' title="bbox 280 256 1076 322; baseline 0.006 -13"><span class='ocrx_word' id='word_1_1' title='bbox 280 256 347 322; x_wconf 82' lang='grc'><strong>330</strong></span> <span class='ocrx_word' id='word_1_2' title='bbox 801 257 916 314; x_wconf 72' lang='lat' dir='ltr'><strong>Lusus</strong></span> <span class='ocrx_word' id='word_1_3' title='bbox 935 257 1076 314; x_wconf 75' lang='lat' dir='ltr'>SACRAE</span> 
     </span>
    </p>
   </div>
   <div class='ocr_carea' id='block_1_2' title="bbox 334 419 1690 511">
    <p class='ocr_par' dir='ltr' id='par_1_2' title="bbox 334 419 1690 511">
     <span class='ocr_line' id='line_1_2' title="bbox 334 419 1690 511; baseline 0.003 -25"><span class='ocrx_word' id='word_1_4' title='bbox 334 442 400 486; x_wconf 85' lang='lat' dir='ltr'><strong>coac</strong></span> <span class='ocrx_word' id='word_1_5' title='bbox 428 421 594 503; x_wconf 85' lang='grc' dir='ltr'>ἀποδόμεν</span> <span class='ocrx_word' id='word_1_6' title='bbox 617 427 676 488; x_wconf 83' lang='grc' dir='ltr'><strong>τοῦ</strong></span> <span class='ocrx_word' id='word_1_7' title='bbox 705 424 762 502; x_wconf 80' lang='grc' dir='ltr'><strong>μὲν</strong></span> <span class='ocrx_word' id='word_1_8' title='bbox 787 423 899 488; x_wconf 85' lang='grc' dir='ltr'>ἐτέλου</span> <span class='ocrx_word' id='word_1_9' title='bbox 908 419 934 511; x_wconf 86' lang='grc'><strong>1)</strong></span> <span class='ocrx_word' id='word_1_10' title='bbox 958 423 1159 504; x_wconf 85' lang='grc' dir='ltr'>ἡμιωβέλιον,</span> <span class='ocrx_word' id='word_1_11' title='bbox 1187 430 1246 490; x_wconf 85' lang='grc' dir='ltr'><strong>τοῦ</strong></span> <span class='ocrx_word' id='word_1_12' title='bbox 1274 427 1311 490; x_wconf 84' lang='grc' dir='ltr'><strong>δὲ</strong></span> <span class='ocrx_word' id='word_1_13' title='bbox 1334 427 1458 492; x_wconf 82' lang='grc' dir='ltr'>τελείου</span> <span class='ocrx_word' id='word_1_14' title='bbox 1478 430 1483 505; x_wconf 78' lang='lat'>1</span> <span class='ocrx_word' id='word_1_15' title='bbox 1505 425 1592 506; x_wconf 87' lang='grc' dir='ltr'>[ὀβε-</span> <span class='ocrx_word' id='word_1_16' title='bbox 1689 445 1690 464; x_wconf 62' lang='lat'>¹</span> 
     </span>
    </p>
   </div>
   <div class='ocr_carea' id='block_1_3' title="bbox 330 529 1690 722">
    <p class='ocr_par' dir='ltr' id='par_1_3' title="bbox 330 529 1690 722">
     <span class='ocr_line' id='line_1_3' title="bbox 333 529 1690 634; baseline 0.005 -40"><span class='ocrx_word' id='word_1_17' title='bbox 333 529 421 610; x_wconf 87' lang='grc' dir='ltr'>λόν]·</span> <span class='ocrx_word' id='word_1_18' title='bbox 449 532 532 611; x_wconf 58' lang='lat' dir='ltr'><strong>quir]</strong></span> <span class='ocrx_word' id='word_1_19' title='bbox 562 532 600 610; x_wconf 80' lang='grc' dir='ltr'><strong>ζιὲ</strong></span> <span class='ocrx_word' id='word_1_20' title='bbox 623 530 764 624; x_wconf 80' lang='grc' dir='ltr'>ἀγερμοῡ</span> <span class='ocrx_word' id='word_1_21' title='bbox 793 531 871 610; x_wconf 69' lang='lat' dir='ltr'><strong>uus.</strong></span> <span class='ocrx_word' id='word_1_22' title='bbox 893 581 899 593; x_wconf 94' lang='lat'>.</span> <span class='ocrx_word' id='word_1_23' title='bbox 920 581 927 593; x_wconf 92' lang='lat'><strong>.</strong></span> <span class='ocrx_word' id='word_1_24' title='bbox 947 581 953 594; x_wconf 95' lang='lat'>.</span> <span class='ocrx_word' id='word_1_25' title='bbox 974 533 1037 611; x_wconf 82' lang='grc' dir='ltr'>.]ε.</span> <span class='ocrx_word' id='word_1_26' title='bbox 1053 582 1060 594; x_wconf 95' lang='grc'><strong>.</strong></span> <span class='ocrx_word' id='word_1_27' title='bbox 1076 583 1081 594; x_wconf 97' lang='grc'>.</span> <span class='ocrx_word' id='word_1_28' title='bbox 1098 554 1132 598; x_wconf 86' lang='grc' dir='ltr'><strong>Ιν</strong></span> <span class='ocrx_word' id='word_1_29' title='bbox 1155 533 1207 597; x_wconf 89' lang='grc' dir='ltr'><strong>καὶ</strong></span> <span class='ocrx_word' id='word_1_30' title='bbox 1233 537 1340 613; x_wconf 85' lang='grc' dir='ltr'>γερῶν</span> <span class='ocrx_word' id='word_1_31' title='bbox 1367 533 1497 599; x_wconf 86' lang='grc' dir='ltr'>πάντων</span> <span class='ocrx_word' id='word_1_32' title='bbox 1521 536 1527 610; x_wconf 92' lang='grc' dir='ltr'>Ι</span> <span class='ocrx_word' id='word_1_33' title='bbox 1552 569 1590 578; x_wconf 93' lang='grc'>-</span> <span class='ocrx_word' id='word_1_34' title='bbox 1689 549 1690 634; x_wconf 43' lang='lat' dir='ltr'><strong>i</strong></span> 
     </span>
     <span class='ocr_line' id='line_1_4' title="bbox 330 635 1327 722; baseline 0.012 -27"><span class='ocrx_word' id='word_1_35' title='bbox 330 673 777 684; x_wconf 82' lang='grc'>-------</span> <span class='ocrx_word' id='word_1_36' title='bbox 801 635 902 722; x_wconf 62' lang='lat' dir='ltr'><strong>{chun</strong></span> <span class='ocrx_word' id='word_1_37' title='bbox 924 636 996 717; x_wconf 84' lang='grc' dir='ltr'>ἱερὰ</span> <span class='ocrx_word' id='word_1_38' title='bbox 1019 635 1125 721; x_wconf 59' lang='grc' dir='ltr'>ταῑϋ)</span> <span class='ocrx_word' id='word_1_39' title='bbox 1149 675 1192 686; x_wconf 93' lang='grc'><strong>-</strong></span> <span class='ocrx_word' id='word_1_40' title='bbox 1216 676 1259 685; x_wconf 91' lang='grc'>-</span> <span class='ocrx_word' id='word_1_41' title='bbox 1282 677 1327 686; x_wconf 91' lang='grc'>-</span> 
     </span>
    </p>
   </div>
   <div class='ocr_carea' id='block_1_4' title="bbox 148 799 1690 1380">
    <p class='ocr_par' dir='ltr' id='par_1_4' title="bbox 148 799 1690 1380">
     <span class='ocr_line' id='line_1_5' title="bbox 367 799 1690 889; baseline 0.002 -19"><span class='ocrx_word' id='word_1_42' title='bbox 367 809 433 880; x_wconf 78' lang='lat' dir='ltr'><strong>Quo</strong></span> <span class='ocrx_word' id='word_1_43' title='bbox 451 815 585 889; x_wconf 87' lang='lat' dir='ltr'><strong>tempore</strong></span> <span class='ocrx_word' id='word_1_44' title='bbox 601 812 674 871; x_wconf 86' lang='lat' dir='ltr'><strong>haec</strong></span> <span class='ocrx_word' id='word_1_45' title='bbox 693 811 812 871; x_wconf 85' lang='lat' dir='ltr'><strong>decreta</strong></span> <span class='ocrx_word' id='word_1_46' title='bbox 830 814 908 886; x_wconf 73' lang='lat' dir='ltr'><strong>sunt,</strong></span> <span class='ocrx_word' id='word_1_47' title='bbox 927 812 1124 872; x_wconf 86' lang='lat' dir='ltr'><strong>sacerdotium</strong></span> <span class='ocrx_word' id='word_1_48' title='bbox 1140 811 1255 874; x_wconf 84' lang='lat' dir='ltr'><strong>Cereris</strong></span> <span class='ocrx_word' id='word_1_49' title='bbox 1268 815 1373 874; x_wconf 88' lang='lat' dir='ltr'><strong>venale</strong></span> <span class='ocrx_word' id='word_1_50' title='bbox 1392 815 1482 874; x_wconf 77' lang='lat' dir='ltr'><strong>fuisse</strong></span> <span class='ocrx_word' id='word_1_51' title='bbox 1496 814 1592 874; x_wconf 88' lang='lat' dir='ltr'><strong>verba</strong></span> <span class='ocrx_word' id='word_1_52' title='bbox 1689 799 1690 872; x_wconf 56' lang='lat' dir='ltr'><strong>f</strong></span> 
     </span>
     <span class='ocr_line' id='line_1_6' title="bbox 277 905 1690 992; baseline 0.003 -24"><span class='ocrx_word' id='word_1_53' title='bbox 277 927 304 968; x_wconf 88' lang='lat' dir='ltr'><strong>v.</strong></span> <span class='ocrx_word' id='word_1_54' title='bbox 325 909 343 967; x_wconf 88' lang='lat'><strong>6</strong></span> <span class='ocrx_word' id='word_1_55' title='bbox 368 908 504 988; x_wconf 79' lang='grc' dir='ltr'>καθάπερ</span> <span class='ocrx_word' id='word_1_56' title='bbox 527 908 577 969; x_wconf 79' lang='grc' dir='ltr'><strong>καλ</strong></span> <span class='ocrx_word' id='word_1_57' title='bbox 600 907 671 989; x_wconf 74' lang='grc' dir='ltr'>πρὶν</span> <span class='ocrx_word' id='word_1_58' title='bbox 693 906 833 988; x_wconf 82' lang='grc' dir='ltr'>πωλητὰν</span> <span class='ocrx_word' id='word_1_59' title='bbox 855 905 995 990; x_wconf 76' lang='grc' dir='ltr'><strong>γενέσθαι</strong></span> <span class='ocrx_word' id='word_1_60' title='bbox 1017 908 1071 970; x_wconf 81' lang='grc' dir='ltr'><strong>τὰν</strong></span> <span class='ocrx_word' id='word_1_61' title='bbox 1095 909 1258 990; x_wconf 82' lang='grc' dir='ltr'>ἱερωσύναν</span> <span class='ocrx_word' id='word_1_62' title='bbox 1280 911 1447 992; x_wconf 71' lang='grc' dir='ltr'><strong><em>συνετάχθη</em></strong></span> <span class='ocrx_word' id='word_1_63' title='bbox 1474 915 1592 972; x_wconf 87' lang='lat' dir='ltr'><strong>testan-</strong></span> <span class='ocrx_word' id='word_1_64' title='bbox 1689 957 1690 972; x_wconf 37' lang='grc' dir='ltr'>λ</span> 
     </span>
     <span class='ocr_line' id='line_1_7' title="bbox 275 1005 1690 1096; baseline 0.004 -31"><span class='ocrx_word' id='word_1_65' title='bbox 275 1009 334 1065; x_wconf 88' lang='lat' dir='ltr'><strong>tur.</strong></span> <span class='ocrx_word' id='word_1_66' title='bbox 380 1005 557 1087; x_wconf 83' lang='lat' dir='ltr'><strong>Repugnare</strong></span> <span class='ocrx_word' id='word_1_67' title='bbox 581 1027 652 1068; x_wconf 88' lang='lat' dir='ltr'><strong>sanc</strong></span> <span class='ocrx_word' id='word_1_68' title='bbox 675 1009 815 1068; x_wconf 88' lang='lat' dir='ltr'><strong>videntur</strong></span> <span class='ocrx_word' id='word_1_69' title='bbox 837 1027 882 1083; x_wconf 86' lang='lat' dir='ltr'><strong>ea,</strong></span> <span class='ocrx_word' id='word_1_70' title='bbox 904 1025 983 1084; x_wconf 87' lang='lat' dir='ltr'><strong>quae</strong></span> <span class='ocrx_word' id='word_1_71' title='bbox 1005 1029 1032 1068; x_wconf 87' lang='lat' dir='ltr'><strong>v.</strong></span> <span class='ocrx_word' id='word_1_72' title='bbox 1053 1011 1142 1086; x_wconf 69' lang='lat' dir='ltr'><strong>lsqq.</strong></span> <span class='ocrx_word' id='word_1_73' title='bbox 1162 1009 1198 1069; x_wconf 88' lang='lat' dir='ltr'><strong>de</strong></span> <span class='ocrx_word' id='word_1_74' title='bbox 1221 1010 1377 1071; x_wconf 86' lang='lat' dir='ltr'><strong>sortitione</strong></span> <span class='ocrx_word' id='word_1_75' title='bbox 1400 1011 1592 1087; x_wconf 85' lang='lat' dir='ltr'><strong>praecipiun-</strong></span> <span class='ocrx_word' id='word_1_76' title='bbox 1689 1025 1690 1096; x_wconf 62' lang='lat' dir='ltr'><strong>f</strong></span> 
     </span>
     <span class='ocr_line' id='line_1_8' title="bbox 274 1104 1592 1179; baseline 0.004 -16"><span class='ocrx_word' id='word_1_77' title='bbox 274 1105 339 1179; x_wconf 90' lang='lat' dir='ltr'><strong>tur,</strong></span> <span class='ocrx_word' id='word_1_78' title='bbox 370 1104 422 1164; x_wconf 87' lang='lat' dir='ltr'><strong>scd</strong></span> <span class='ocrx_word' id='word_1_79' title='bbox 455 1105 537 1165; x_wconf 86' lang='lat' dir='ltr'><strong>felici</strong></span> <span class='ocrx_word' id='word_1_80' title='bbox 569 1105 704 1166; x_wconf 85' lang='lat' dir='ltr'><strong>acumine</strong></span> <span class='ocrx_word' id='word_1_81' title='bbox 732 1105 830 1164; x_wconf 87' lang='lat' dir='ltr'><strong>Patcn</strong></span> <span class='ocrx_word' id='word_1_82' title='bbox 861 1104 937 1165; x_wconf 89' lang='lat' dir='ltr'><strong>hanc</strong></span> <span class='ocrx_word' id='word_1_83' title='bbox 970 1105 1178 1168; x_wconf 85' lang='lat' dir='ltr'><strong>difficultatem</strong></span> <span class='ocrx_word' id='word_1_84' title='bbox 1209 1111 1338 1169; x_wconf 89' lang='lat' dir='ltr'><strong>removit</strong></span> <span class='ocrx_word' id='word_1_85' title='bbox 1365 1112 1499 1169; x_wconf 87' lang='lat' dir='ltr'><strong>statuens</strong></span> <span class='ocrx_word' id='word_1_86' title='bbox 1528 1129 1592 1170; x_wconf 90' lang='lat' dir='ltr'><strong>non</strong></span> 
     </span>
     <span class='ocr_line' id='line_1_9' title="bbox 148 1203 1690 1282; baseline 0.006 -25"><span class='ocrx_word' id='word_1_87' title='bbox 148 1253 150 1257; x_wconf 87' lang='lat'>.</span> <span class='ocrx_word' id='word_1_88' title='bbox 273 1203 385 1263; x_wconf 87' lang='lat' dir='ltr'><strong>iustam</strong></span> <span class='ocrx_word' id='word_1_89' title='bbox 409 1206 579 1264; x_wconf 70' lang='lat' dir='ltr'>auctionem</span> <span class='ocrx_word' id='word_1_90' title='bbox 602 1203 760 1264; x_wconf 88' lang='lat' dir='ltr'><strong>sacerdotii</strong></span> <span class='ocrx_word' id='word_1_91' title='bbox 783 1203 896 1264; x_wconf 88' lang='lat' dir='ltr'><strong>factam</strong></span> <span class='ocrx_word' id='word_1_92' title='bbox 919 1222 990 1278; x_wconf 86' lang='lat' dir='ltr'><strong>esse,</strong></span> <span class='ocrx_word' id='word_1_93' title='bbox 1014 1205 1065 1264; x_wconf 90' lang='lat' dir='ltr'><strong>sed</strong></span> <span class='ocrx_word' id='word_1_94' title='bbox 1088 1208 1185 1282; x_wconf 87' lang='lat' dir='ltr'><strong>pretio</strong></span> <span class='ocrx_word' id='word_1_95' title='bbox 1209 1209 1289 1266; x_wconf 90' lang='lat' dir='ltr'><strong>certo</strong></span> <span class='ocrx_word' id='word_1_96' title='bbox 1313 1210 1403 1266; x_wconf 80' lang='lat' dir='ltr'><strong>antee</strong></span> <span class='ocrx_word' id='word_1_97' title='bbox 1421 1208 1590 1267; x_wconf 87' lang='lat' dir='ltr'><strong>constituto</strong></span> <span class='ocrx_word' id='word_1_98' title='bbox 1689 1217 1690 1248; x_wconf 78' lang='lat'>³</span> 
     </span>
     <span class='ocr_line' id='line_1_10' title="bbox 274 1295 1690 1380; baseline 0.004 -20"><span class='ocrx_word' id='word_1_99' title='bbox 274 1319 310 1361; x_wconf 89' lang='lat' dir='ltr'><strong>ex</strong></span> <span class='ocrx_word' id='word_1_100' title='bbox 333 1301 369 1360; x_wconf 91' lang='lat' dir='ltr'><strong>iis</strong></span> <span class='ocrx_word' id='word_1_101' title='bbox 394 1301 526 1377; x_wconf 86' lang='lat' dir='ltr'><strong>feminis,</strong></span> <span class='ocrx_word' id='word_1_102' title='bbox 555 1319 688 1378; x_wconf 82' lang='lat' dir='ltr'><strong>quaeso</strong></span> <span class='ocrx_word' id='word_1_103' title='bbox 712 1321 743 1362; x_wconf 90' lang='lat' dir='ltr'><strong>se</strong></span> <span class='ocrx_word' id='word_1_104' title='bbox 771 1304 922 1378; x_wconf 87' lang='lat' dir='ltr'><strong>empturas</strong></span> <span class='ocrx_word' id='word_1_105' title='bbox 949 1303 1179 1380; x_wconf 84' lang='lat' dir='ltr'><strong>profitebantur,</strong></span> <span class='ocrx_word' id='word_1_106' title='bbox 1209 1304 1394 1366; x_wconf 80' lang='lat' dir='ltr'><strong>sacerdotem</strong></span> <span class='ocrx_word' id='word_1_107' title='bbox 1421 1308 1499 1366; x_wconf 87' lang='lat' dir='ltr'><strong>sorte</strong></span> <span class='ocrx_word' id='word_1_108' title='bbox 1523 1325 1590 1365; x_wconf 87' lang='lat' dir='ltr'><strong>esse</strong></span> <span class='ocrx_word' id='word_1_109' title='bbox 1689 1295 1690 1300; x_wconf 29' lang='lat'>¹</span> 
     </span>
    </p>
   </div>
   <div class='ocr_carea' id='block_1_5' title="bbox 272 1398 1690 1574">
    <p class='ocr_par' dir='ltr' id='par_1_5' title="bbox 272 1398 1690 1574">
     <span class='ocr_line' id='line_1_11' title="bbox 274 1398 1690 1478; baseline 0.005 -22"><span class='ocrx_word' id='word_1_110' title='bbox 274 1398 401 1458; x_wconf 88' lang='lat' dir='ltr'><strong>ductam.</strong></span> <span class='ocrx_word' id='word_1_111' title='bbox 440 1399 553 1459; x_wconf 87' lang='lat' dir='ltr'><strong>lladem</strong></span> <span class='ocrx_word' id='word_1_112' title='bbox 575 1403 676 1461; x_wconf 91' lang='lat' dir='ltr'><strong>autem</strong></span> <span class='ocrx_word' id='word_1_113' title='bbox 698 1400 753 1460; x_wconf 90' lang='lat' dir='ltr'><strong>illa</strong></span> <span class='ocrx_word' id='word_1_114' title='bbox 775 1400 866 1459; x_wconf 89' lang='lat' dir='ltr'><strong>verba</strong></span> <span class='ocrx_word' id='word_1_115' title='bbox 889 1401 1085 1461; x_wconf 73' lang='lat' dir='ltr'><strong>mutationem</strong></span> <span class='ocrx_word' id='word_1_116' title='bbox 1103 1403 1254 1478; x_wconf 88' lang='lat' dir='ltr'><strong>superiore</strong></span> <span class='ocrx_word' id='word_1_117' title='bbox 1272 1405 1372 1463; x_wconf 88' lang='lat' dir='ltr'><strong>aetate</strong></span> <span class='ocrx_word' id='word_1_118' title='bbox 1390 1405 1504 1463; x_wconf 85' lang='lat' dir='ltr'><strong>factam</strong></span> <span class='ocrx_word' id='word_1_119' title='bbox 1522 1423 1589 1463; x_wconf 85' lang='lat' dir='ltr'><strong>esse</strong></span> <span class='ocrx_word' id='word_1_120' title='bbox 1689 1401 1690 1410; x_wconf 44' lang='lat'>³</span> 
     </span>
     <span class='ocr_line' id='line_1_12' title="bbox 272 1499 1690 1574; baseline 0.005 -18"><span class='ocrx_word' id='word_1_121' title='bbox 272 1499 431 1572; x_wconf 72' lang='lat' dir='ltr'><strong>testantur,</strong></span> <span class='ocrx_word' id='word_1_122' title='bbox 455 1501 545 1574; x_wconf 88' lang='lat' dir='ltr'><strong>atque</strong></span> <span class='ocrx_word' id='word_1_123' title='bbox 568 1499 624 1558; x_wconf 92' lang='lat' dir='ltr'><strong>hoc</strong></span> <span class='ocrx_word' id='word_1_124' title='bbox 646 1501 712 1574; x_wconf 93' lang='lat' dir='ltr'><strong>ipso</strong></span> <span class='ocrx_word' id='word_1_125' title='bbox 735 1500 854 1557; x_wconf 88' lang='lat' dir='ltr'><strong>nomine</strong></span> <span class='ocrx_word' id='word_1_126' title='bbox 877 1499 926 1557; x_wconf 91' lang='lat' dir='ltr'><strong>hic</strong></span> <span class='ocrx_word' id='word_1_127' title='bbox 949 1499 1056 1558; x_wconf 87' lang='lat' dir='ltr'><strong>titulus</strong></span> <span class='ocrx_word' id='word_1_128' title='bbox 1079 1499 1119 1558; x_wconf 91' lang='lat' dir='ltr'><strong>ad</strong></span> <span class='ocrx_word' id='word_1_129' title='bbox 1140 1501 1297 1561; x_wconf 80' lang='lat' dir='ltr'><strong>historiam</strong></span> <span class='ocrx_word' id='word_1_130' title='bbox 1324 1500 1368 1560; x_wconf 88' lang='lat' dir='ltr'><strong>rei</strong></span> <span class='ocrx_word' id='word_1_131' title='bbox 1390 1501 1589 1562; x_wconf 89' lang='lat' dir='ltr'><strong>sacerdotalis</strong></span> <span class='ocrx_word' id='word_1_132' title='bbox 1689 1535 1690 1540; x_wconf 42' lang='lat'>1</span> 
     </span>
    </p>
   </div>
   <div class='ocr_carea' id='block_1_6' title="bbox 266 1595 1588 2953">
    <p class='ocr_par' dir='ltr' id='par_1_6' title="bbox 268 1595 1588 2457">
     <span class='ocr_line' id='line_1_13' title="bbox 272 1595 1588 1674; baseline 0.005 -21"><span class='ocrx_word' id='word_1_133' title='bbox 272 1595 475 1673; x_wconf 80' lang='lat' dir='ltr'><strong>gravissimus,</strong></span> <span class='ocrx_word' id='word_1_134' title='bbox 499 1597 609 1674; x_wconf 90' lang='lat' dir='ltr'><strong>quippe</strong></span> <span class='ocrx_word' id='word_1_135' title='bbox 632 1615 691 1672; x_wconf 92' lang='lat' dir='ltr'><strong>quo</strong></span> <span class='ocrx_word' id='word_1_136' title='bbox 715 1597 747 1655; x_wconf 93' lang='lat' dir='ltr'><strong>id</strong></span> <span class='ocrx_word' id='word_1_137' title='bbox 769 1595 850 1672; x_wconf 92' lang='lat' dir='ltr'><strong>quod</strong></span> <span class='ocrx_word' id='word_1_138' title='bbox 872 1616 943 1657; x_wconf 90' lang='lat' dir='ltr'><strong>sane</strong></span> <span class='ocrx_word' id='word_1_139' title='bbox 965 1616 1019 1674; x_wconf 87' lang='lat' dir='ltr'><strong>per</strong></span> <span class='ocrx_word' id='word_1_140' title='bbox 1037 1616 1067 1657; x_wconf 91' lang='lat' dir='ltr'><strong>se</strong></span> <span class='ocrx_word' id='word_1_141' title='bbox 1090 1599 1190 1674; x_wconf 91' lang='lat' dir='ltr'><strong>ipsum</strong></span> <span class='ocrx_word' id='word_1_142' title='bbox 1208 1602 1273 1658; x_wconf 80' lang='lat' dir='ltr'><strong>reri</strong></span> <span class='ocrx_word' id='word_1_143' title='bbox 1291 1600 1387 1659; x_wconf 90' lang='lat' dir='ltr'><strong>simile</strong></span> <span class='ocrx_word' id='word_1_144' title='bbox 1407 1603 1465 1660; x_wconf 88' lang='lat' dir='ltr'><strong>est:</strong></span> <span class='ocrx_word' id='word_1_145' title='bbox 1488 1619 1588 1660; x_wconf 86' lang='lat' dir='ltr'><strong>sacer·-</strong></span> 
     </span>
     <span class='ocr_line' id='line_1_14' title="bbox 272 1692 1587 1774; baseline 0.005 -23"><span class='ocrx_word' id='word_1_146' title='bbox 272 1692 355 1752; x_wconf 90' lang='lat' dir='ltr'><strong>dctia</strong></span> <span class='ocrx_word' id='word_1_147' title='bbox 379 1713 427 1768; x_wconf 87' lang='lat' dir='ltr'><strong>ea,</strong></span> <span class='ocrx_word' id='word_1_148' title='bbox 454 1693 490 1753; x_wconf 92' lang='lat' dir='ltr'><strong>de</strong></span> <span class='ocrx_word' id='word_1_149' title='bbox 513 1713 641 1770; x_wconf 85' lang='lat' dir='ltr'><strong>quorum</strong></span> <span class='ocrx_word' id='word_1_150' title='bbox 663 1694 814 1770; x_wconf 82' lang='lat' dir='ltr'><strong>emptione</strong></span> <span class='ocrx_word' id='word_1_151' title='bbox 837 1694 1008 1754; x_wconf 87' lang='lat' dir='ltr'><strong>venditione</strong></span> <span class='ocrx_word' id='word_1_152' title='bbox 1032 1699 1161 1772; x_wconf 85' lang='lat' dir='ltr'><strong>constat,</strong></span> <span class='ocrx_word' id='word_1_153' title='bbox 1189 1718 1250 1758; x_wconf 90' lang='lat' dir='ltr'><strong>non</strong></span> <span class='ocrx_word' id='word_1_154' title='bbox 1273 1699 1440 1774; x_wconf 89' lang='lat' dir='ltr'><strong>antiquitus</strong></span> <span class='ocrx_word' id='word_1_155' title='bbox 1464 1699 1587 1758; x_wconf 84' lang='lat' dir='ltr'><strong>venalia</strong></span> 
     </span>
     <span class='ocr_line' id='line_1_15' title="bbox 271 1790 1586 1872; baseline 0.003 -22"><span class='ocrx_word' id='word_1_156' title='bbox 271 1790 371 1866; x_wconf 71' lang='lat' dir='ltr'><strong>trisse,</strong></span> <span class='ocrx_word' id='word_1_157' title='bbox 395 1794 476 1852; x_wconf 90' lang='lat' dir='ltr'><strong>certo</strong></span> <span class='ocrx_word' id='word_1_158' title='bbox 499 1793 633 1869; x_wconf 88' lang='lat' dir='ltr'><strong>exemplo</strong></span> <span class='ocrx_word' id='word_1_159' title='bbox 653 1793 852 1868; x_wconf 81' lang='lat' dir='ltr'><strong>confirmatur,</strong></span> <span class='ocrx_word' id='word_1_160' title='bbox 877 1811 912 1851; x_wconf 89' lang='lat' dir='ltr'><strong>ac</strong></span> <span class='ocrx_word' id='word_1_161' title='bbox 931 1795 1073 1869; x_wconf 90' lang='lat' dir='ltr'><strong>quoniam</strong></span> <span class='ocrx_word' id='word_1_162' title='bbox 1091 1795 1264 1855; x_wconf 86' lang='lat' dir='ltr'><strong>litteratura</strong></span> <span class='ocrx_word' id='word_1_163' title='bbox 1282 1795 1392 1872; x_wconf 84' lang='lat' dir='ltr'><strong>lapidis</strong></span> <span class='ocrx_word' id='word_1_164' title='bbox 1410 1795 1458 1855; x_wconf 92' lang='grc' dir='ltr'><strong>ΠΙ</strong></span> <span class='ocrx_word' id='word_1_165' title='bbox 1472 1816 1499 1854; x_wconf 86' lang='lat' dir='ltr'><strong>a.</strong></span> <span class='ocrx_word' id='word_1_166' title='bbox 1516 1795 1586 1856; x_wconf 77' lang='lat' dir='ltr'><strong>(ihr.</strong></span> 
     </span>
     <span class='ocr_line' id='line_1_16' title="bbox 270 1889 1586 1972; baseline 0.006 -26"><span class='ocrx_word' id='word_1_167' title='bbox 270 1909 299 1947; x_wconf 90' lang='lat' dir='ltr'><strong>n.</strong></span> <span class='ocrx_word' id='word_1_168' title='bbox 318 1891 467 1950; x_wconf 89' lang='lat' dir='ltr'><strong>saeculum</strong></span> <span class='ocrx_word' id='word_1_169' title='bbox 495 1891 622 1966; x_wconf 91' lang='lat' dir='ltr'><strong>indicat,</strong></span> <span class='ocrx_word' id='word_1_170' title='bbox 654 1889 686 1949; x_wconf 90' lang='lat' dir='ltr'><strong>id</strong></span> <span class='ocrx_word' id='word_1_171' title='bbox 713 1909 844 1968; x_wconf 85' lang='lat' dir='ltr'><strong>quoque,</strong></span> <span class='ocrx_word' id='word_1_172' title='bbox 876 1890 956 1968; x_wconf 91' lang='lat' dir='ltr'><strong>quod</strong></span> <span class='ocrx_word' id='word_1_173' title='bbox 978 1891 1144 1953; x_wconf 90' lang='lat' dir='ltr'><strong>Herbrecht</strong></span> <span class='ocrx_word' id='word_1_174' title='bbox 1171 1893 1207 1953; x_wconf 89' lang='lat' dir='ltr'><strong>de</strong></span> <span class='ocrx_word' id='word_1_175' title='bbox 1235 1895 1350 1972; x_wconf 81' lang='lat' dir='ltr'><strong>origine</strong></span> <span class='ocrx_word' id='word_1_176' title='bbox 1377 1894 1467 1954; x_wconf 90' lang='lat' dir='ltr'><strong>huius</strong></span> <span class='ocrx_word' id='word_1_177' title='bbox 1491 1897 1586 1954; x_wconf 81' lang='lat' dir='ltr'><strong>moris</strong></span> 
     </span>
     <span class='ocr_line' id='line_1_17' title="bbox 269 1980 1585 2070; baseline 0.005 -24"><span class='ocrx_word' id='word_1_178' title='bbox 269 1989 344 2046; x_wconf 89' lang='lat' dir='ltr'><strong>satis</strong></span> <span class='ocrx_word' id='word_1_179' title='bbox 366 1987 478 2048; x_wconf 89' lang='lat' dir='ltr'><strong>recenti</strong></span> <span class='ocrx_word' id='word_1_180' title='bbox 500 1980 669 2070; x_wconf 76' lang='lat' dir='ltr'><strong>coniecit³)‚</strong></span> <span class='ocrx_word' id='word_1_181' title='bbox 694 1988 894 2048; x_wconf 84' lang='lat' dir='ltr'><strong>confirmetur.</strong></span> <span class='ocrx_word' id='word_1_182' title='bbox 939 1989 1002 2048; x_wconf 89' lang='lat' dir='ltr'><strong>Nec</strong></span> <span class='ocrx_word' id='word_1_183' title='bbox 1024 2009 1094 2050; x_wconf 91' lang='lat' dir='ltr'><strong>vero</strong></span> <span class='ocrx_word' id='word_1_184' title='bbox 1118 1991 1150 2050; x_wconf 92' lang='lat' dir='ltr'><strong>id</strong></span> <span class='ocrx_word' id='word_1_185' title='bbox 1173 1991 1336 2066; x_wconf 84' lang='lat' dir='ltr'><strong>decretum,</strong></span> <span class='ocrx_word' id='word_1_186' title='bbox 1361 2012 1420 2069; x_wconf 92' lang='lat' dir='ltr'><strong>quo</strong></span> <span class='ocrx_word' id='word_1_187' title='bbox 1449 1991 1585 2053; x_wconf 82' lang='lat' dir='ltr'><strong>venditio</strong></span> 
     </span>
     <span class='ocr_line' id='line_1_18' title="bbox 269 2086 1584 2166; baseline 0.007 -23"><span class='ocrx_word' id='word_1_188' title='bbox 269 2087 410 2145; x_wconf 87' lang='lat' dir='ltr'><strong>instituta</strong></span> <span class='ocrx_word' id='word_1_189' title='bbox 433 2089 486 2162; x_wconf 82' lang='lat' dir='ltr'><strong>est,</strong></span> <span class='ocrx_word' id='word_1_190' title='bbox 509 2087 608 2163; x_wconf 91' lang='lat' dir='ltr'><strong>ipsum</strong></span> <span class='ocrx_word' id='word_1_191' title='bbox 631 2086 768 2146; x_wconf 87' lang='lat' dir='ltr'><strong>manibus</strong></span> <span class='ocrx_word' id='word_1_192' title='bbox 792 2090 925 2147; x_wconf 90' lang='lat' dir='ltr'><strong>tenemus</strong></span> <span class='ocrx_word' id='word_1_193' title='bbox 946 2120 987 2129; x_wconf 92' lang='lat'><em>-</em></span> <span class='ocrx_word' id='word_1_194' title='bbox 1007 2088 1038 2147; x_wconf 95' lang='lat' dir='ltr'><strong>id</strong></span> <span class='ocrx_word' id='word_1_195' title='bbox 1056 2089 1104 2148; x_wconf 87' lang='lat' dir='ltr'><strong>vel</strong></span> <span class='ocrx_word' id='word_1_196' title='bbox 1127 2090 1277 2166; x_wconf 86' lang='lat' dir='ltr'><strong>particula</strong></span> <span class='ocrx_word' id='word_1_197' title='bbox 1299 2087 1332 2150; x_wconf 79' lang='lat' dir='ltr'><strong>cl</strong></span> <span class='ocrx_word' id='word_1_198' title='bbox 1349 2111 1376 2150; x_wconf 89' lang='lat' dir='ltr'><strong>v.</strong></span> <span class='ocrx_word' id='word_1_199' title='bbox 1393 2091 1462 2149; x_wconf 78' lang='lat' dir='ltr'><strong>2in.</strong></span> <span class='ocrx_word' id='word_1_200' title='bbox 1482 2094 1584 2166; x_wconf 87' lang='lat' dir='ltr'><strong>posita</strong></span> 
     </span>
     <span class='ocr_line' id='line_1_19' title="bbox 269 2177 1584 2265; baseline 0.006 -23"><span class='ocrx_word' id='word_1_201' title='bbox 269 2177 427 2265; x_wconf 74' lang='lat' dir='ltr'><strong>apparet4)</strong></span> <span class='ocrx_word' id='word_1_202' title='bbox 446 2185 561 2244; x_wconf 89' lang='lat' dir='ltr'><strong>-sed</strong></span> <span class='ocrx_word' id='word_1_203' title='bbox 584 2187 646 2246; x_wconf 90' lang='lat' dir='ltr'><strong>sive</strong></span> <span class='ocrx_word' id='word_1_204' title='bbox 670 2187 842 2262; x_wconf 86' lang='lat' dir='ltr'><strong>excerptum</strong></span> <span class='ocrx_word' id='word_1_205' title='bbox 865 2188 927 2246; x_wconf 91' lang='lat' dir='ltr'><strong>sive</strong></span> <span class='ocrx_word' id='word_1_206' title='bbox 948 2187 1039 2244; x_wconf 90' lang='lat' dir='ltr'><strong>-id</strong></span> <span class='ocrx_word' id='word_1_207' title='bbox 1063 2187 1144 2263; x_wconf 91' lang='lat' dir='ltr'><strong>quod</strong></span> <span class='ocrx_word' id='word_1_208' title='bbox 1167 2206 1235 2246; x_wconf 92' lang='lat' dir='ltr'><strong>curn</strong></span> <span class='ocrx_word' id='word_1_209' title='bbox 1257 2187 1370 2248; x_wconf 92' lang='lat' dir='ltr'><strong>Patcne</strong></span> <span class='ocrx_word' id='word_1_210' title='bbox 1393 2189 1584 2264; x_wconf 78' lang='lat' dir='ltr'><strong>probabilius</strong></span> 
     </span>
     <span class='ocr_line' id='line_1_20' title="bbox 268 2284 1583 2365; baseline 0.005 -25"><span class='ocrx_word' id='word_1_211' title='bbox 268 2285 343 2359; x_wconf 87' lang='lat' dir='ltr'><strong>puto</strong></span> <span class='ocrx_word' id='word_1_212' title='bbox 366 2315 408 2324; x_wconf 88' lang='lat'>-</span> <span class='ocrx_word' id='word_1_213' title='bbox 433 2284 673 2361; x_wconf 89' lang='lat' dir='ltr'><strong>supplementum</strong></span> <span class='ocrx_word' id='word_1_214' title='bbox 697 2287 774 2358; x_wconf 84' lang='lat' dir='ltr'><strong>eius,</strong></span> <span class='ocrx_word' id='word_1_215' title='bbox 797 2303 856 2360; x_wconf 92' lang='lat' dir='ltr'><strong>quo</strong></span> <span class='ocrx_word' id='word_1_216' title='bbox 880 2287 1006 2361; x_wconf 88' lang='lat' dir='ltr'><strong>antiqua</strong></span> <span class='ocrx_word' id='word_1_217' title='bbox 1030 2286 1177 2362; x_wconf 89' lang='lat' dir='ltr'><strong>quaedam</strong></span> <span class='ocrx_word' id='word_1_218' title='bbox 1199 2289 1358 2363; x_wconf 89' lang='lat' dir='ltr'><strong>praecepta</strong></span> <span class='ocrx_word' id='word_1_219' title='bbox 1380 2289 1493 2365; x_wconf 87' lang='lat' dir='ltr'><strong>partim</strong></span> <span class='ocrx_word' id='word_1_220' title='bbox 1517 2308 1583 2346; x_wconf 93' lang='lat' dir='ltr'><strong>mu·</strong></span> 
     </span>
     <span class='ocr_line' id='line_1_21' title="bbox 268 2379 751 2457; baseline 0.004 -19"><span class='ocrx_word' id='word_1_221' title='bbox 268 2379 373 2439; x_wconf 85' lang='lat' dir='ltr'><strong>tantur</strong></span> <span class='ocrx_word' id='word_1_222' title='bbox 394 2382 507 2457; x_wconf 89' lang='lat' dir='ltr'><strong>partim</strong></span> <span class='ocrx_word' id='word_1_223' title='bbox 530 2381 751 2442; x_wconf 84' lang='lat' dir='ltr'><strong>confirmantur.</strong></span> 
     </span>
    </p>

    <p class='ocr_par' dir='ltr' id='par_1_7' title="bbox 266 2477 1583 2953">
     <span class='ocr_line' id='line_1_22' title="bbox 357 2477 1582 2563; baseline 0.004 -26"><span class='ocrx_word' id='word_1_224' title='bbox 357 2479 514 2538; x_wconf 83' lang='lat' dir='ltr'><strong>Mutantur</strong></span> <span class='ocrx_word' id='word_1_225' title='bbox 531 2483 633 2556; x_wconf 89' lang='lat' dir='ltr'><strong>aperte</strong></span> <span class='ocrx_word' id='word_1_226' title='bbox 652 2481 683 2538; x_wconf 91' lang='lat' dir='ltr'><strong>in</strong></span> <span class='ocrx_word' id='word_1_227' title='bbox 697 2498 725 2538; x_wconf 84' lang='lat' dir='ltr'><strong>v.</strong></span> <span class='ocrx_word' id='word_1_228' title='bbox 742 2484 830 2556; x_wconf 91' lang='lat' dir='ltr'><strong>lsqq.</strong></span> <span class='ocrx_word' id='word_1_229' title='bbox 845 2477 951 2559; x_wconf 75' lang='grc' dir='ltr'>ἐξῇμεν</span> <span class='ocrx_word' id='word_1_230' title='bbox 966 2477 997 2541; x_wconf 80' lang='lat' dir='ltr'><strong>dl</strong></span> <span class='ocrx_word' id='word_1_231' title='bbox 1014 2485 1074 2554; x_wconf 86' lang='grc' dir='ltr'>τοῖς</span> <span class='ocrx_word' id='word_1_232' title='bbox 1088 2481 1203 2562; x_wconf 82' lang='grc' dir='ltr'><strong>κυρίοις</strong></span> <span class='ocrx_word' id='word_1_233' title='bbox 1222 2479 1281 2541; x_wconf 78' lang='grc' dir='ltr'><strong>καὶ</strong></span> <span class='ocrx_word' id='word_1_234' title='bbox 1298 2491 1352 2542; x_wconf 86' lang='grc' dir='ltr'><strong>τᾶν</strong></span> <span class='ocrx_word' id='word_1_235' title='bbox 1367 2480 1407 2560; x_wconf 78' lang='grc' dir='ltr'><strong>μὴ</strong></span> <span class='ocrx_word' id='word_1_236' title='bbox 1426 2492 1582 2563; x_wconf 73' lang='grc' dir='ltr'>παρουσῶν</span> 
     </span>
     <span class='ocr_line' id='line_1_23' title="bbox 267 2577 1583 2658; baseline 0.005 -24"><span class='ocrx_word' id='word_1_237' title='bbox 267 2585 419 2655; x_wconf 79' lang='grc' dir='ltr'>γυναικῶν</span> <span class='ocrx_word' id='word_1_238' title='bbox 442 2581 514 2636; x_wconf 72' lang='grc' dir='ltr'>τιτλε</span> <span class='ocrx_word' id='word_1_239' title='bbox 547 2577 688 2653; x_wconf 76' lang='lat' dir='ltr'><strong>feminae,</strong></span> <span class='ocrx_word' id='word_1_240' title='bbox 721 2597 797 2654; x_wconf 88' lang='lat' dir='ltr'><strong>quse</strong></span> <span class='ocrx_word' id='word_1_241' title='bbox 821 2578 1020 2638; x_wconf 86' lang='lat' dir='ltr'><strong>sacerdotium</strong></span> <span class='ocrx_word' id='word_1_242' title='bbox 1042 2579 1198 2655; x_wconf 90' lang='lat' dir='ltr'><strong>petebant,</strong></span> <span class='ocrx_word' id='word_1_243' title='bbox 1227 2580 1298 2640; x_wconf 90' lang='lat' dir='ltr'><strong>olim</strong></span> <span class='ocrx_word' id='word_1_244' title='bbox 1321 2581 1403 2658; x_wconf 82' lang='lat' dir='ltr'><strong>ipsae</strong></span> <span class='ocrx_word' id='word_1_245' title='bbox 1426 2581 1583 2643; x_wconf 86' lang='lat' dir='ltr'><strong>sortitioni</strong></span> 
     </span>
     <span class='ocr_line' id='line_1_24' title="bbox 267 2673 1582 2750; baseline 0.006 -18"><span class='ocrx_word' id='word_1_246' title='bbox 267 2673 370 2734; x_wconf 86' lang='lat' dir='ltr'><strong>adesse</strong></span> <span class='ocrx_word' id='word_1_247' title='bbox 398 2674 573 2750; x_wconf 86' lang='lat' dir='ltr'><strong>debuerant,</strong></span> <span class='ocrx_word' id='word_1_248' title='bbox 601 2678 668 2735; x_wconf 88' lang='lat' dir='ltr'><strong>tum</strong></span> <span class='ocrx_word' id='word_1_249' title='bbox 694 2675 751 2735; x_wconf 87' lang='lat' dir='ltr'><strong>hac</strong></span> <span class='ocrx_word' id='word_1_250' title='bbox 773 2676 945 2736; x_wconf 88' lang='lat' dir='ltr'><strong>condicione</strong></span> <span class='ocrx_word' id='word_1_251' title='bbox 968 2677 1112 2736; x_wconf 83' lang='lat' dir='ltr'><strong>liberates</strong></span> <span class='ocrx_word' id='word_1_252' title='bbox 1139 2682 1218 2738; x_wconf 92' lang='lat' dir='ltr'><strong>sunt.</strong></span> <span class='ocrx_word' id='word_1_253' title='bbox 1265 2676 1346 2748; x_wconf 85' lang='lat' dir='ltr'><strong>Quae</strong></span> <span class='ocrx_word' id='word_1_254' title='bbox 1369 2681 1497 2739; x_wconf 87' lang='lat' dir='ltr'><strong>mutatio</strong></span> <span class='ocrx_word' id='word_1_255' title='bbox 1522 2683 1582 2740; x_wconf 85' lang='lat' dir='ltr'><strong>etsi</strong></span> 
     </span>
     <span class='ocr_line' id='line_1_25' title="bbox 267 2769 1582 2852; baseline 0.006 -21"><span class='ocrx_word' id='word_1_256' title='bbox 267 2769 306 2831; x_wconf 88' lang='lat' dir='ltr'><strong>ad</strong></span> <span class='ocrx_word' id='word_1_257' title='bbox 327 2791 391 2831; x_wconf 90' lang='lat' dir='ltr'><strong>rem</strong></span> <span class='ocrx_word' id='word_1_258' title='bbox 413 2775 488 2832; x_wconf 88' lang='lat' dir='ltr'><strong>satis</strong></span> <span class='ocrx_word' id='word_1_259' title='bbox 511 2774 607 2833; x_wconf 90' lang='lat' dir='ltr'><strong>levem</strong></span> <span class='ocrx_word' id='word_1_260' title='bbox 624 2775 763 2852; x_wconf 70' lang='lat' dir='ltr'><strong>pertinet</strong></span> <span class='ocrx_word' id='word_1_261' title='bbox 786 2777 887 2832; x_wconf 90' lang='lat' dir='ltr'><strong>tamen</strong></span> <span class='ocrx_word' id='word_1_262' title='bbox 906 2793 967 2833; x_wconf 87' lang='lat' dir='ltr'><strong>una</strong></span> <span class='ocrx_word' id='word_1_263' title='bbox 986 2794 1053 2834; x_wconf 92' lang='lat' dir='ltr'><strong>cum</strong></span> <span class='ocrx_word' id='word_1_264' title='bbox 1071 2775 1241 2836; x_wconf 87' lang='lat' dir='ltr'><strong>venditione</strong></span> <span class='ocrx_word' id='word_1_265' title='bbox 1261 2777 1419 2837; x_wconf 87' lang='lat' dir='ltr'><strong>sacerdotii</strong></span> <span class='ocrx_word' id='word_1_266' title='bbox 1436 2779 1582 2839; x_wconf 87' lang='lat' dir='ltr'><strong>instituta</strong></span> 
     </span>
     <span class='ocr_line' id='line_1_26' title="bbox 266 2869 1349 2953; baseline 0.006 -26"><span class='ocrx_word' id='word_1_267' title='bbox 266 2869 411 2928; x_wconf 86' lang='lat' dir='ltr'><strong>laxiorem</strong></span> <span class='ocrx_word' id='word_1_268' title='bbox 434 2871 677 2931; x_wconf 88' lang='lat' dir='ltr'><strong>consuetudinem</strong></span> <span class='ocrx_word' id='word_1_269' title='bbox 699 2872 821 2948; x_wconf 89' lang='lat' dir='ltr'><strong>petendi</strong></span> <span class='ocrx_word' id='word_1_270' title='bbox 843 2875 997 2949; x_wconf 79' lang='lat' dir='ltr'><strong>irrepsisse</strong></span> <span class='ocrx_word' id='word_1_271' title='bbox 1019 2875 1125 2933; x_wconf 87' lang='lat' dir='ltr'><strong>notatu</strong></span> <span class='ocrx_word' id='word_1_272' title='bbox 1149 2874 1273 2953; x_wconf 83' lang='lat' dir='ltr'><strong>dignum</strong></span> <span class='ocrx_word' id='word_1_273' title='bbox 1296 2879 1349 2934; x_wconf 88' lang='lat' dir='ltr'><strong>est.</strong></span> 
     </span>
    </p>
   </div>
   <div class='ocr_carea' id='block_1_7' title="bbox 261 2976 1580 3936">
    <p class='ocr_par' dir='ltr' id='par_1_8' title="bbox 261 2976 1580 3936">
     <span class='ocr_line' id='line_1_27' title="bbox 356 2976 1580 3057; baseline 0.005 -21"><span class='ocrx_word' id='word_1_274' title='bbox 356 2976 555 3038; x_wconf 78' lang='lat' dir='ltr'><strong>confirmatur</strong></span> <span class='ocrx_word' id='word_1_275' title='bbox 586 2979 633 3037; x_wconf 85' lang='lat' dir='ltr'><strong>lex</strong></span> <span class='ocrx_word' id='word_1_276' title='bbox 665 2981 794 3054; x_wconf 90' lang='lat' dir='ltr'><strong>pristina</strong></span> <span class='ocrx_word' id='word_1_277' title='bbox 826 2999 854 3039; x_wconf 86' lang='lat' dir='ltr'><strong>v.</strong></span> <span class='ocrx_word' id='word_1_278' title='bbox 879 2981 972 3055; x_wconf 86' lang='lat' dir='ltr'><strong>5sqq.</strong></span> <span class='ocrx_word' id='word_1_279' title='bbox 1017 2979 1097 3038; x_wconf 88' lang='lat' dir='ltr'><strong>Nam</strong></span> <span class='ocrx_word' id='word_1_280' title='bbox 1129 2980 1276 3057; x_wconf 92' lang='lat' dir='ltr'><strong>quidquid</strong></span> <span class='ocrx_word' id='word_1_281' title='bbox 1307 2982 1351 3040; x_wconf 88' lang='lat' dir='ltr'><strong>ibi</strong></span> <span class='ocrx_word' id='word_1_282' title='bbox 1382 2982 1481 3044; x_wconf 89' lang='lat' dir='ltr'><strong>verbis</strong></span> <span class='ocrx_word' id='word_1_283' title='bbox 1513 2989 1580 3056; x_wconf 86' lang='grc' dir='ltr'>ταῖς</span> 
     </span>
     <span class='ocr_line' id='line_1_28' title="bbox 265 3071 1579 3157; baseline 0.007 -24"><span class='ocrx_word' id='word_1_284' title='bbox 265 3072 449 3152; x_wconf 76' lang='grc' dir='ltr'><strong>τελουμένοις</strong></span> <span class='ocrx_word' id='word_1_285' title='bbox 467 3073 517 3135; x_wconf 77' lang='grc' dir='ltr'><strong>καὶ</strong></span> <span class='ocrx_word' id='word_1_286' title='bbox 535 3081 598 3148; x_wconf 80' lang='grc' dir='ltr'>ταῖς</span> <span class='ocrx_word' id='word_1_287' title='bbox 617 3074 908 3154; x_wconf 76' lang='grc' dir='ltr'>ἕπιννμφενομὲναις</span> <span class='ocrx_word' id='word_1_288' title='bbox 926 3077 1121 3156; x_wconf 82' lang='lat' dir='ltr'><strong>significatur,</strong></span> <span class='ocrx_word' id='word_1_289' title='bbox 1139 3078 1236 3138; x_wconf 88' lang='lat' dir='ltr'><strong>verbis</strong></span> <span class='ocrx_word' id='word_1_290' title='bbox 1255 3071 1336 3138; x_wconf 83' lang='grc' dir='ltr'>πέντ’</span> <span class='ocrx_word' id='word_1_291' title='bbox 1353 3076 1458 3157; x_wconf 82' lang='grc' dir='ltr'>ὀβολὸς</span> <span class='ocrx_word' id='word_1_292' title='bbox 1473 3080 1579 3142; x_wconf 81' lang='grc' dir='ltr'>διδού-</span> 
     </span>
     <span class='ocr_line' id='line_1_29' title="bbox 265 3169 1579 3255; baseline 0.006 -24"><span class='ocrx_word' id='word_1_293' title='bbox 265 3188 331 3244; x_wconf 88' lang='grc' dir='ltr'>σαις</span> <span class='ocrx_word' id='word_1_294' title='bbox 353 3169 555 3234; x_wconf 75' lang='grc' dir='ltr'><strong>ἀπολελύσθαι</strong></span> <span class='ocrx_word' id='word_1_295' title='bbox 578 3182 637 3234; x_wconf 90' lang='grc' dir='ltr'><strong>τῶν</strong></span> <span class='ocrx_word' id='word_1_296' title='bbox 660 3171 756 3234; x_wconf 72' lang='grc' dir='ltr'>ἄλλων</span> <span class='ocrx_word' id='word_1_297' title='bbox 775 3171 974 3253; x_wconf 79' lang='grc' dir='ltr'>ἀναλωμάτων</span> <span class='ocrx_word' id='word_1_298' title='bbox 992 3174 1112 3235; x_wconf 80' lang='grc' dir='ltr'>πάντων</span> <span class='ocrx_word' id='word_1_299' title='bbox 1130 3177 1161 3234; x_wconf 93' lang='lat' dir='ltr'><strong>id</strong></span> <span class='ocrx_word' id='word_1_300' title='bbox 1185 3179 1289 3253; x_wconf 81' lang='lat' dir='ltr'><strong>ulique</strong></span> <span class='ocrx_word' id='word_1_301' title='bbox 1311 3180 1437 3255; x_wconf 86' lang='lat' dir='ltr'><strong>apparet</strong></span> <span class='ocrx_word' id='word_1_302' title='bbox 1456 3180 1579 3241; x_wconf 87' lang='lat' dir='ltr'><strong>feminis</strong></span> 
     </span>
     <span class='ocr_line' id='line_1_30' title="bbox 264 3270 1579 3351; baseline 0.006 -21"><span class='ocrx_word' id='word_1_303' title='bbox 264 3270 326 3330; x_wconf 88' lang='lat' dir='ltr'><strong>illis</strong></span> <span class='ocrx_word' id='word_1_304' title='bbox 349 3272 544 3351; x_wconf 78' lang='lat' dir='ltr'><strong>privilegium</strong></span> <span class='ocrx_word' id='word_1_305' title='bbox 566 3271 715 3348; x_wconf 90' lang='lat' dir='ltr'><strong>quoddam</strong></span> <span class='ocrx_word' id='word_1_306' title='bbox 735 3273 863 3333; x_wconf 90' lang='lat' dir='ltr'><strong>concedi.</strong></span> <span class='ocrx_word' id='word_1_307' title='bbox 901 3270 1074 3333; x_wconf 79' lang='lat' dir='ltr'><strong>cuiusmodi</strong></span> <span class='ocrx_word' id='word_1_308' title='bbox 1091 3273 1123 3333; x_wconf 88' lang='lat' dir='ltr'><strong>id</strong></span> <span class='ocrx_word' id='word_1_309' title='bbox 1141 3275 1241 3349; x_wconf 84' lang='lat' dir='ltr'><strong>fuerit,</strong></span> <span class='ocrx_word' id='word_1_310' title='bbox 1264 3275 1415 3336; x_wconf 90' lang='lat' dir='ltr'><strong>commode</strong></span> <span class='ocrx_word' id='word_1_311' title='bbox 1434 3279 1467 3336; x_wconf 90' lang='lat' dir='ltr'><strong>ni</strong></span> <span class='ocrx_word' id='word_1_312' title='bbox 1485 3277 1579 3338; x_wconf 84' lang='lat' dir='ltr'><strong>fallor</strong></span> 
     </span>
     <span class='ocr_line' id='line_1_31' title="bbox 262 3368 1577 3458; baseline 0.006 -31"><span class='ocrx_word' id='word_1_313' title='bbox 262 3368 433 3429; x_wconf 84' lang='lat' dir='ltr'><strong>illustratur</strong></span> <span class='ocrx_word' id='word_1_314' title='bbox 459 3371 525 3447; x_wconf 84' lang='lat' dir='ltr'><strong>lege</strong></span> <span class='ocrx_word' id='word_1_315' title='bbox 547 3372 651 3429; x_wconf 83' lang='lat' dir='ltr'><strong>Attica</strong></span> <span class='ocrx_word' id='word_1_316' title='bbox 671 3391 699 3430; x_wconf 93' lang='lat' dir='ltr'><strong>n.</strong></span> <span class='ocrx_word' id='word_1_317' title='bbox 720 3373 775 3446; x_wconf 75' lang='lat'><strong>24,</strong></span> <span class='ocrx_word' id='word_1_318' title='bbox 804 3373 888 3432; x_wconf 89' lang='lat' dir='ltr'><strong>cuius</strong></span> <span class='ocrx_word' id='word_1_319' title='bbox 916 3374 1074 3448; x_wconf 87' lang='lat' dir='ltr'><strong>praecepto</strong></span> <span class='ocrx_word' id='word_1_320' title='bbox 1101 3372 1264 3432; x_wconf 89' lang='lat' dir='ltr'><strong>identidem</strong></span> <span class='ocrx_word' id='word_1_321' title='bbox 1292 3377 1461 3435; x_wconf 85' lang='lat' dir='ltr'><strong>recurrente</strong></span> <span class='ocrx_word' id='word_1_322' title='bbox 1484 3374 1577 3458; x_wconf 76' lang='grc' dir='ltr'><strong>ἱερείᾳ</strong></span> 
     </span>
     <span class='ocr_line' id='line_1_32' title="bbox 263 3459 1577 3548; baseline 0.005 -22"><span class='ocrx_word' id='word_1_323' title='bbox 263 3465 424 3546; x_wconf 73' lang='grc' dir='ltr'>ἱερεώσννα</span> <span class='ocrx_word' id='word_1_324' title='bbox 448 3459 508 3528; x_wconf 79' lang='lat' dir='ltr'><strong>:l&#39;&#39;</strong></span> <span class='ocrx_word' id='word_1_325' title='bbox 529 3481 537 3527; x_wconf 73' lang='grc' dir='ltr'>τ</span> <span class='ocrx_word' id='word_1_326' title='bbox 560 3501 605 3510; x_wconf 91' lang='grc'>-</span> <span class='ocrx_word' id='word_1_327' title='bbox 629 3500 671 3512; x_wconf 90' lang='grc'>-</span> <span class='ocrx_word' id='word_1_328' title='bbox 695 3477 799 3547; x_wconf 85' lang='grc' dir='ltr'>πυρῶν</span> <span class='ocrx_word' id='word_1_329' title='bbox 822 3464 963 3547; x_wconf 72' lang='grc' dir='ltr'>ἡμιὲιιτεω</span> <span class='ocrx_word' id='word_1_330' title='bbox 986 3463 1060 3528; x_wconf 65' lang='lat' dir='ltr'><strong>:llll</strong></span> <span class='ocrx_word' id='word_1_331' title='bbox 1084 3466 1197 3546; x_wconf 76' lang='grc' dir='ltr'>μέλιτος</span> <span class='ocrx_word' id='word_1_332' title='bbox 1220 3469 1345 3548; x_wconf 81' lang='grc' dir='ltr'>κοτύλης</span> <span class='ocrx_word' id='word_1_333' title='bbox 1369 3465 1443 3532; x_wconf 77' lang='lat' dir='ltr'><strong>:liz</strong></span> <span class='ocrx_word' id='word_1_334' title='bbox 1472 3469 1577 3533; x_wconf 76' lang='grc' dir='ltr'>ἐλαίου</span> 
     </span>
     <span class='ocr_line' id='line_1_33' title="bbox 262 3556 1575 3646; baseline 0.004 -23"><span class='ocrx_word' id='word_1_335' title='bbox 262 3572 352 3645; x_wconf 80' lang='grc' dir='ltr'>τριῶν</span> <span class='ocrx_word' id='word_1_336' title='bbox 378 3569 510 3626; x_wconf 81' lang='grc' dir='ltr'>κοτυλῶν</span> <span class='ocrx_word' id='word_1_337' title='bbox 534 3556 621 3626; x_wconf 83' lang='lat' dir='ltr'><strong>:lC:</strong></span> <span class='ocrx_word' id='word_1_338' title='bbox 649 3565 812 3646; x_wconf 73' lang='grc' dir='ltr'><strong>φρυγάνων</strong></span> <span class='ocrx_word' id='word_1_339' title='bbox 843 3559 908 3626; x_wconf 74' lang='grc' dir='ltr'>ιΙΙε</span> <span class='ocrx_word' id='word_1_340' title='bbox 937 3571 1141 3646; x_wconf 78' lang='lat' dir='ltr'><strong>cognoscimus</strong></span> <span class='ocrx_word' id='word_1_341' title='bbox 1170 3569 1335 3629; x_wconf 86' lang='lat' dir='ltr'><strong>sacerdotes</strong></span> <span class='ocrx_word' id='word_1_342' title='bbox 1365 3570 1482 3629; x_wconf 86' lang='lat' dir='ltr'><strong>minora</strong></span> <span class='ocrx_word' id='word_1_343' title='bbox 1509 3570 1575 3644; x_wconf 84' lang='lat' dir='ltr'><strong>illa,</strong></span> 
     </span>
     <span class='ocr_line' id='line_1_34' title="bbox 262 3662 1574 3744; baseline 0.007 -23"><span class='ocrx_word' id='word_1_344' title='bbox 262 3663 371 3738; x_wconf 89' lang='lat' dir='ltr'><strong>quibus</strong></span> <span class='ocrx_word' id='word_1_345' title='bbox 399 3662 437 3722; x_wconf 91' lang='lat' dir='ltr'><strong>ad</strong></span> <span class='ocrx_word' id='word_1_346' title='bbox 465 3682 549 3724; x_wconf 86' lang='lat' dir='ltr'><strong>sacra</strong></span> <span class='ocrx_word' id='word_1_347' title='bbox 577 3664 713 3724; x_wconf 85' lang='lat' dir='ltr'><strong>facienda</strong></span> <span class='ocrx_word' id='word_1_348' title='bbox 744 3683 818 3740; x_wconf 91' lang='lat' dir='ltr'><strong>opus</strong></span> <span class='ocrx_word' id='word_1_349' title='bbox 848 3667 924 3738; x_wconf 88' lang='lat' dir='ltr'><strong>erat,</strong></span> <span class='ocrx_word' id='word_1_350' title='bbox 956 3665 1040 3724; x_wconf 87' lang='lat' dir='ltr'><strong>velut</strong></span> <span class='ocrx_word' id='word_1_351' title='bbox 1066 3666 1125 3724; x_wconf 89' lang='lat' dir='ltr'><strong>mel</strong></span> <span class='ocrx_word' id='word_1_352' title='bbox 1152 3667 1269 3744; x_wconf 85' lang='lat' dir='ltr'><strong>lignum</strong></span> <span class='ocrx_word' id='word_1_353' title='bbox 1296 3668 1396 3726; x_wconf 89' lang='lat' dir='ltr'><strong>oleum</strong></span> <span class='ocrx_word' id='word_1_354' title='bbox 1423 3687 1483 3727; x_wconf 93' lang='lat' dir='ltr'><strong>non</strong></span> <span class='ocrx_word' id='word_1_355' title='bbox 1511 3672 1574 3730; x_wconf 86' lang='lat' dir='ltr'><strong>suis</strong></span> 
     </span>
     <span class='ocr_line' id='line_1_35' title="bbox 261 3761 1573 3840; baseline 0.005 -20"><span class='ocrx_word' id='word_1_356' title='bbox 261 3761 310 3820; x_wconf 88' lang='lat' dir='ltr'><strong>vel</strong></span> <span class='ocrx_word' id='word_1_357' title='bbox 337 3761 402 3821; x_wconf 84' lang='lat' dir='ltr'><strong>iani</strong></span> <span class='ocrx_word' id='word_1_358' title='bbox 429 3761 598 3837; x_wconf 86' lang='lat' dir='ltr'><strong>sumptibus</strong></span> <span class='ocrx_word' id='word_1_359' title='bbox 625 3762 809 3838; x_wconf 87' lang='lat' dir='ltr'><strong>praebuisse,</strong></span> <span class='ocrx_word' id='word_1_360' title='bbox 838 3762 890 3822; x_wconf 90' lang='lat' dir='ltr'><strong>sed</strong></span> <span class='ocrx_word' id='word_1_361' title='bbox 917 3781 935 3822; x_wconf 91' lang='lat' dir='ltr'><strong>a</strong></span> <span class='ocrx_word' id='word_1_362' title='bbox 958 3764 1193 3824; x_wconf 84' lang='lat' dir='ltr'><strong>sacrificantibus</strong></span> <span class='ocrx_word' id='word_1_363' title='bbox 1216 3768 1387 3840; x_wconf 89' lang='lat' dir='ltr'><strong>pecuniam,</strong></span> <span class='ocrx_word' id='word_1_364' title='bbox 1415 3767 1494 3826; x_wconf 91' lang='lat' dir='ltr'><strong>unde</strong></span> <span class='ocrx_word' id='word_1_365' title='bbox 1516 3767 1573 3826; x_wconf 86' lang='lat' dir='ltr'><strong>illa</strong></span> 
     </span>
     <span class='ocr_line' id='line_1_36' title="bbox 261 3859 1572 3936; baseline 0.007 -20"><span class='ocrx_word' id='word_1_366' title='bbox 261 3862 478 3934; x_wconf 85' lang='lat' dir='ltr'><strong>compararent,</strong></span> <span class='ocrx_word' id='word_1_367' title='bbox 501 3861 656 3936; x_wconf 89' lang='lat' dir='ltr'><strong>accepisse.</strong></span> <span class='ocrx_word' id='word_1_368' title='bbox 694 3859 839 3920; x_wconf 82' lang='lat' dir='ltr'><strong>Similiter</strong></span> <span class='ocrx_word' id='word_1_369' title='bbox 857 3863 888 3919; x_wconf 92' lang='lat' dir='ltr'><strong>in</strong></span> <span class='ocrx_word' id='word_1_370' title='bbox 911 3861 966 3920; x_wconf 93' lang='lat' dir='ltr'><strong>hcc</strong></span> <span class='ocrx_word' id='word_1_371' title='bbox 986 3863 1056 3921; x_wconf 85' lang='lat' dir='ltr'><strong>fano</strong></span> <span class='ocrx_word' id='word_1_372' title='bbox 1076 3861 1135 3922; x_wconf 83' lang='lat' dir='ltr'><strong>Goo</strong></span> <span class='ocrx_word' id='word_1_373' title='bbox 1153 3883 1215 3922; x_wconf 87' lang='lat' dir='ltr'><strong>rem</strong></span> <span class='ocrx_word' id='word_1_374' title='bbox 1235 3881 1266 3923; x_wconf 90' lang='lat' dir='ltr'><strong>se</strong></span> <span class='ocrx_word' id='word_1_375' title='bbox 1284 3863 1422 3924; x_wconf 88' lang='lat' dir='ltr'><strong>habuisse</strong></span> <span class='ocrx_word' id='word_1_376' title='bbox 1441 3865 1572 3925; x_wconf 89' lang='lat' dir='ltr'><strong>conicio:</strong></span> 
     </span>
    </p>
   </div>
   <div class='ocr_carea' id='block_1_8' title="bbox 258 4047 1570 4516">
    <p class='ocr_par' dir='ltr' id='par_1_9' title="bbox 258 4047 1570 4516">
     <span class='ocr_line' id='line_1_37' title="bbox 351 4047 1570 4123; baseline 0.004 -22"><span class='ocrx_word' id='word_1_377' title='bbox 351 4049 377 4116; x_wconf 90' lang='lat'><strong>1)</strong></span> <span class='ocrx_word' id='word_1_378' title='bbox 404 4047 478 4102; x_wconf 82' lang='lat' dir='ltr'><strong>hanc</strong></span> <span class='ocrx_word' id='word_1_379' title='bbox 501 4051 607 4103; x_wconf 87' lang='lat' dir='ltr'><strong>certam</strong></span> <span class='ocrx_word' id='word_1_380' title='bbox 629 4048 734 4118; x_wconf 83' lang='lat' dir='ltr'><strong>lapidis</strong></span> <span class='ocrx_word' id='word_1_381' title='bbox 757 4048 920 4116; x_wconf 85' lang='lat' dir='ltr'><strong>lectionem,</strong></span> <span class='ocrx_word' id='word_1_382' title='bbox 946 4065 1031 4117; x_wconf 88' lang='lat' dir='ltr'><strong>quam</strong></span> <span class='ocrx_word' id='word_1_383' title='bbox 1053 4049 1082 4103; x_wconf 92' lang='lat' dir='ltr'><strong>P.</strong></span> <span class='ocrx_word' id='word_1_384' title='bbox 1106 4049 1138 4104; x_wconf 90' lang='lat' dir='ltr'><strong>in</strong></span> <span class='ocrx_word' id='word_1_385' title='bbox 1161 4049 1270 4123; x_wconf 60' lang='lat' dir='ltr'><strong>saca</strong></span> <span class='ocrx_word' id='word_1_386' title='bbox 1299 4053 1411 4105; x_wconf 83' lang='lat' dir='ltr'><strong>mutare</strong></span> <span class='ocrx_word' id='word_1_387' title='bbox 1434 4051 1570 4120; x_wconf 83' lang='lat' dir='ltr'><strong>voluerat,</strong></span> 
     </span>
     <span class='ocr_line' id='line_1_38' title="bbox 260 4125 1569 4199; baseline 0.004 -18"><span class='ocrx_word' id='word_1_388' title='bbox 260 4126 360 4182; x_wconf 88' lang='lat' dir='ltr'><strong>ecdem</strong></span> <span class='ocrx_word' id='word_1_389' title='bbox 378 4125 436 4182; x_wconf 85' lang='lat' dir='ltr'><strong>fere</strong></span> <span class='ocrx_word' id='word_1_390' title='bbox 455 4131 581 4198; x_wconf 86' lang='lat' dir='ltr'><strong>ternpore</strong></span> <span class='ocrx_word' id='word_1_391' title='bbox 600 4130 629 4184; x_wconf 87' lang='lat' dir='ltr'><strong>et</strong></span> <span class='ocrx_word' id='word_1_392' title='bbox 646 4128 764 4184; x_wconf 90' lang='lat' dir='ltr'><strong>Bechtel</strong></span> <span class='ocrx_word' id='word_1_393' title='bbox 783 4132 811 4184; x_wconf 92' lang='lat' dir='ltr'><strong>et</strong></span> <span class='ocrx_word' id='word_1_394' title='bbox 822 4128 958 4182; x_wconf 88' lang='lat' dir='ltr'><strong>Wilhclm</strong></span> <span class='ocrx_word' id='word_1_395' title='bbox 977 4130 1082 4199; x_wconf 87' lang='lat' dir='ltr'><strong>optime</strong></span> <span class='ocrx_word' id='word_1_396' title='bbox 1101 4129 1289 4186; x_wconf 81' lang='lat' dir='ltr'><strong>defenderunt</strong></span> <span class='ocrx_word' id='word_1_397' title='bbox 1306 4132 1344 4184; x_wconf 86' lang='lat' dir='ltr'><strong>ad</strong></span> <span class='ocrx_word' id='word_1_398' title='bbox 1362 4132 1482 4186; x_wconf 90' lang='lat' dir='ltr'><strong>eundem</strong></span> <span class='ocrx_word' id='word_1_399' title='bbox 1500 4131 1569 4186; x_wconf 81' lang='lat' dir='ltr'><strong>titu-</strong></span> 
     </span>
     <span class='ocr_line' id='line_1_39' title="bbox 259 4205 1569 4281; baseline 0.005 -22"><span class='ocrx_word' id='word_1_400' title='bbox 259 4205 319 4260; x_wconf 92' lang='lat' dir='ltr'><strong>lum</strong></span> <span class='ocrx_word' id='word_1_401' title='bbox 336 4207 482 4262; x_wconf 82' lang='lat' dir='ltr'><strong>Aeolicum</strong></span> <span class='ocrx_word' id='word_1_402' title='bbox 501 4207 663 4279; x_wconf 81' lang='lat' dir='ltr'><strong>(Hoffmann</strong></span> <span class='ocrx_word' id='word_1_403' title='bbox 684 4209 789 4264; x_wconf 72' lang='lat' dir='ltr'><strong>Gricclv.</strong></span> <span class='ocrx_word' id='word_1_404' title='bbox 804 4209 883 4264; x_wconf 76' lang='lat' dir='ltr'><strong>Diui.</strong></span> <span class='ocrx_word' id='word_1_405' title='bbox 902 4209 927 4262; x_wconf 90' lang='grc' dir='ltr'>Π</span> <span class='ocrx_word' id='word_1_406' title='bbox 945 4229 972 4278; x_wconf 93' lang='lat' dir='ltr'><strong>p.</strong></span> <span class='ocrx_word' id='word_1_407' title='bbox 989 4216 1022 4265; x_wconf 89' lang='lat'><strong>10</strong></span> <span class='ocrx_word' id='word_1_408' title='bbox 1040 4228 1067 4264; x_wconf 91' lang='lat' dir='ltr'><strong>n.</strong></span> <span class='ocrx_word' id='word_1_409' title='bbox 1084 4213 1146 4280; x_wconf 79' lang='lat'>155)</span> <span class='ocrx_word' id='word_1_410' title='bbox 1169 4214 1365 4281; x_wconf 81' lang='lat' dir='ltr'><strong>provocantes,</strong></span> <span class='ocrx_word' id='word_1_411' title='bbox 1390 4211 1438 4265; x_wconf 92' lang='lat' dir='ltr'><strong>ubi</strong></span> <span class='ocrx_word' id='word_1_412' title='bbox 1457 4230 1475 4266; x_wconf 90' lang='grc' dir='ltr'>α</span> <span class='ocrx_word' id='word_1_413' title='bbox 1494 4230 1518 4268; x_wconf 85' lang='lat' dir='ltr'><strong>v.</strong></span> <span class='ocrx_word' id='word_1_414' title='bbox 1535 4218 1569 4266; x_wconf 86' lang='grc'><strong>18</strong></span> 
     </span>
     <span class='ocr_line' id='line_1_40' title="bbox 260 4285 1569 4361; baseline 0.004 -20"><span class='ocrx_word' id='word_1_415' title='bbox 260 4285 366 4358; x_wconf 77' lang='lat' dir='ltr'><strong>legitur</strong></span> <span class='ocrx_word' id='word_1_416' title='bbox 383 4287 536 4358; x_wconf 76' lang='grc' dir='ltr'>ἀρνηάδων</span> <span class='ocrx_word' id='word_1_417' title='bbox 556 4289 638 4344; x_wconf 72' lang='grc' dir='ltr'>ἔναλα</span> <span class='ocrx_word' id='word_1_418' title='bbox 656 4287 763 4345; x_wconf 75' lang='grc' dir='ltr'>ἀτέλεια.</span> <span class='ocrx_word' id='word_1_419' title='bbox 800 4289 878 4344; x_wconf 89' lang='lat' dir='ltr'><strong>Idem</strong></span> <span class='ocrx_word' id='word_1_420' title='bbox 896 4289 949 4344; x_wconf 91' lang='lat' dir='ltr'><strong>hoc</strong></span> <span class='ocrx_word' id='word_1_421' title='bbox 968 4305 1028 4344; x_wconf 86' lang='lat' dir='ltr'><strong>esse</strong></span> <span class='ocrx_word' id='word_1_422' title='bbox 1048 4293 1133 4361; x_wconf 89' lang='lat' dir='ltr'><strong>atquc</strong></span> <span class='ocrx_word' id='word_1_423' title='bbox 1152 4291 1290 4347; x_wconf 83' lang='lat' dir='ltr'><strong>Graecum</strong></span> <span class='ocrx_word' id='word_1_424' title='bbox 1308 4290 1413 4358; x_wconf 79' lang='grc' dir='ltr'>ἰταλός,</span> <span class='ocrx_word' id='word_1_425' title='bbox 1436 4291 1569 4346; x_wconf 86' lang='lat' dir='ltr'><strong>Latinum</strong></span> 
     </span>
     <span class='ocr_line' id='line_1_41' title="bbox 259 4367 1569 4446; baseline 0.005 -24"><span class='ocrx_word' id='word_1_426' title='bbox 259 4367 364 4424; x_wconf 70' lang='lat' dir='ltr'><strong>aava</strong></span> <span class='ocrx_word' id='word_1_427' title='bbox 381 4383 399 4422; x_wconf 90' lang='lat' dir='ltr'><strong>a</strong></span> <span class='ocrx_word' id='word_1_428' title='bbox 418 4369 506 4438; x_wconf 84' lang='lat' dir='ltr'><strong>stirpe</strong></span> <span class='ocrx_word' id='word_1_429' title='bbox 519 4367 605 4432; x_wconf 74' lang='grc' dir='ltr'>Ητος</span> <span class='ocrx_word' id='word_1_430' title='bbox 622 4369 806 4424; x_wconf 85' lang='lat' dir='ltr'><strong>derivandum</strong></span> <span class='ocrx_word' id='word_1_431' title='bbox 824 4369 935 4424; x_wconf 90' lang='lat' dir='ltr'><strong>monuit</strong></span> <span class='ocrx_word' id='word_1_432' title='bbox 953 4369 1069 4446; x_wconf 83' lang='lat' dir='ltr'><strong>Meister</strong></span> <span class='ocrx_word' id='word_1_433' title='bbox 1082 4374 1152 4427; x_wconf 73' lang='lat' dir='ltr'><strong>Aac.</strong></span> <span class='ocrx_word' id='word_1_434' title='bbox 1167 4372 1188 4439; x_wconf 73' lang='lat' dir='ltr'><strong>f.</strong></span> <span class='ocrx_word' id='word_1_435' title='bbox 1205 4371 1569 4444; x_wconf 58' lang='lat' dir='ltr'><strong>rememorarentur&amp;</strong></span> 
     </span>
     <span class='ocr_line' id='line_1_42' title="bbox 258 4445 393 4516; baseline 0 -16"><span class='ocrx_word' id='word_1_436' title='bbox 258 4445 272 4500; x_wconf 95' lang='lat' dir='ltr'>I</span> <span class='ocrx_word' id='word_1_437' title='bbox 289 4465 318 4516; x_wconf 93' lang='lat' dir='ltr'><strong>p.</strong></span> <span class='ocrx_word' id='word_1_438' title='bbox 333 4453 393 4502; x_wconf 75' lang='lat'>208.</span> 
     </span>
    </p>
   </div>
   <div class='ocr_carea' id='block_1_9' title="bbox 348 4525 1679 4602">
    <p class='ocr_par' dir='ltr' id='par_1_10' title="bbox 348 4525 1679 4602">
     <span class='ocr_line' id='line_1_43' title="bbox 348 4525 1679 4602; baseline 0.006 -22"><span class='ocrx_word' id='word_1_439' title='bbox 348 4531 375 4599; x_wconf 78' lang='lat'><strong>2)</strong></span> <span class='ocrx_word' id='word_1_440' title='bbox 397 4527 432 4583; x_wconf 83' lang='grc' dir='ltr'><strong>τὰ</strong></span> <span class='ocrx_word' id='word_1_441' title='bbox 451 4525 482 4583; x_wconf 72' lang='lat' dir='ltr'><strong>ol</strong></span> <span class='ocrx_word' id='word_1_442' title='bbox 501 4529 585 4586; x_wconf 83' lang='grc' dir='ltr'>λοιπὰ</span> <span class='ocrx_word' id='word_1_443' title='bbox 604 4529 691 4602; x_wconf 67' lang='lat' dir='ltr'><strong>irrep</strong></span> <span class='ocrx_word' id='word_1_444' title='bbox 711 4529 772 4598; x_wconf 79' lang='grc' dir='ltr'><strong>ἱερὰ</strong></span> <span class='ocrx_word' id='word_1_445' title='bbox 785 4539 847 4594; x_wconf 82' lang='grc' dir='ltr'>ταῖς</span> <span class='ocrx_word' id='word_1_446' title='bbox 859 4529 1047 4598; x_wconf 89' lang='lat' dir='ltr'><strong>probabiliter</strong></span> <span class='ocrx_word' id='word_1_447' title='bbox 1060 4530 1200 4597; x_wconf 85' lang='lat' dir='ltr'><strong>Dittenb.;</strong></span> <span class='ocrx_word' id='word_1_448' title='bbox 1219 4531 1313 4586; x_wconf 85' lang='lat' dir='ltr'><strong>nescio</strong></span> <span class='ocrx_word' id='word_1_449' title='bbox 1327 4529 1416 4601; x_wconf 79' lang='lat' dir='ltr'><strong>igitur</strong></span> <span class='ocrx_word' id='word_1_450' title='bbox 1430 4547 1466 4586; x_wconf 84' lang='lat' dir='ltr'><strong>sn</strong></span> <span class='ocrx_word' id='word_1_451' title='bbox 1481 4535 1568 4588; x_wconf 80' lang='lat' dir='ltr'><strong>antea</strong></span> <span class='ocrx_word' id='word_1_452' title='bbox 1675 4527 1679 4540; x_wconf 85' lang='lat'>&#39;</span> 
     </span>
    </p>
   </div>
   <div class='ocr_carea' id='block_1_10' title="bbox 258 4606 1567 4930">
    <p class='ocr_par' dir='ltr' id='par_1_11' title="bbox 258 4606 1567 4930">
     <span class='ocr_line' id='line_1_44' title="bbox 259 4606 1566 4681; baseline 0.006 -22"><span class='ocrx_word' id='word_1_453' title='bbox 259 4606 394 4676; x_wconf 90' lang='lat' dir='ltr'><strong>scriptum</strong></span> <span class='ocrx_word' id='word_1_454' title='bbox 417 4607 503 4662; x_wconf 81' lang='lat' dir='ltr'><strong>fuerit</strong></span> <span class='ocrx_word' id='word_1_455' title='bbox 519 4617 570 4663; x_wconf 82' lang='grc' dir='ltr'><strong>τοῦ</strong></span> <span class='ocrx_word' id='word_1_456' title='bbox 589 4606 621 4662; x_wconf 74' lang='lat' dir='ltr'><strong>dl</strong></span> <span class='ocrx_word' id='word_1_457' title='bbox 639 4610 762 4680; x_wconf 75' lang='grc' dir='ltr'>ἀγερμοῦ</span> <span class='ocrx_word' id='word_1_458' title='bbox 784 4613 838 4665; x_wconf 82' lang='grc' dir='ltr'>κτλ.</span> <span class='ocrx_word' id='word_1_459' title='bbox 857 4611 889 4665; x_wconf 84' lang='grc' dir='ltr'><strong>τὸ</strong></span> <span class='ocrx_word' id='word_1_460' title='bbox 908 4609 992 4680; x_wconf 81' lang='grc' dir='ltr'>ἣμισυ</span> <span class='ocrx_word' id='word_1_461' title='bbox 1011 4609 1056 4665; x_wconf 84' lang='lat' dir='ltr'><strong>vel</strong></span> <span class='ocrx_word' id='word_1_462' title='bbox 1073 4611 1105 4666; x_wconf 87' lang='grc' dir='ltr'><strong>τὸ</strong></span> <span class='ocrx_word' id='word_1_463' title='bbox 1123 4643 1160 4652; x_wconf 99' lang='grc'>-</span> <span class='ocrx_word' id='word_1_464' title='bbox 1177 4611 1260 4681; x_wconf 80' lang='grc' dir='ltr'>μέρος</span> <span class='ocrx_word' id='word_1_465' title='bbox 1281 4619 1338 4666; x_wconf 88' lang='grc' dir='ltr'><strong>τῶν</strong></span> <span class='ocrx_word' id='word_1_466' title='bbox 1357 4611 1465 4680; x_wconf 75' lang='grc' dir='ltr'>ἱερειῶν</span> <span class='ocrx_word' id='word_1_467' title='bbox 1484 4613 1566 4681; x_wconf 60' lang='lat' dir='ltr'><strong>ictam</strong></span> 
     </span>
     <span class='ocr_line' id='line_1_45' title="bbox 258 4684 1222 4761; baseline 0.006 -21"><span class='ocrx_word' id='word_1_468' title='bbox 258 4684 293 4739; x_wconf 84' lang='lat' dir='ltr'><strong>cf.</strong></span> <span class='ocrx_word' id='word_1_469' title='bbox 312 4705 339 4741; x_wconf 95' lang='lat' dir='ltr'><strong>n.</strong></span> <span class='ocrx_word' id='word_1_470' title='bbox 355 4691 390 4741; x_wconf 84' lang='grc'><strong>88</strong></span> <span class='ocrx_word' id='word_1_471' title='bbox 408 4705 432 4740; x_wconf 86' lang='lat' dir='ltr'><strong>v.</strong></span> <span class='ocrx_word' id='word_1_472' title='bbox 448 4693 530 4757; x_wconf 88' lang='lat' dir='ltr'><strong>8sqq.</strong></span> <span class='ocrx_word' id='word_1_473' title='bbox 566 4688 612 4742; x_wconf 85' lang='lat' dir='ltr'><strong>An</strong></span> <span class='ocrx_word' id='word_1_474' title='bbox 629 4705 654 4744; x_wconf 85' lang='lat' dir='ltr'><strong>v.</strong></span> <span class='ocrx_word' id='word_1_475' title='bbox 671 4695 703 4742; x_wconf 82' lang='lat'><strong>13</strong></span> <span class='ocrx_word' id='word_1_476' title='bbox 722 4691 788 4758; x_wconf 89' lang='lat' dir='ltr'><strong>post</strong></span> <span class='ocrx_word' id='word_1_477' title='bbox 805 4699 865 4753; x_wconf 83' lang='grc' dir='ltr'>ταῖς</span> <span class='ocrx_word' id='word_1_478' title='bbox 884 4690 1072 4761; x_wconf 88' lang='lat' dir='ltr'><strong>supplendum</strong></span> <span class='ocrx_word' id='word_1_479' title='bbox 1091 4690 1222 4758; x_wconf 76' lang='grc' dir='ltr'>λεοείαιςλ</span> 
     </span>
     <span class='ocr_line' id='line_1_46' title="bbox 348 4769 1567 4844; baseline 0.011 -25"><span class='ocrx_word' id='word_1_480' title='bbox 348 4769 374 4838; x_wconf 84' lang='grc'><strong>3)</strong></span> <span class='ocrx_word' id='word_1_481' title='bbox 403 4769 446 4823; x_wconf 86' lang='lat' dir='ltr'><strong>De</strong></span> <span class='ocrx_word' id='word_1_482' title='bbox 465 4770 613 4825; x_wconf 82' lang='lat' dir='ltr'><strong>sacerdotii</strong></span> <span class='ocrx_word' id='word_1_483' title='bbox 634 4771 711 4840; x_wconf 79' lang='lat' dir='ltr'><strong>opud</strong></span> <span class='ocrx_word' id='word_1_484' title='bbox 731 4770 851 4826; x_wconf 79' lang='lat' dir='ltr'><strong>Graccus</strong></span> <span class='ocrx_word' id='word_1_485' title='bbox 871 4773 1004 4840; x_wconf 79' lang='lat' dir='ltr'><strong>emptione</strong></span> <span class='ocrx_word' id='word_1_486' title='bbox 1022 4773 1176 4828; x_wconf 69' lang='lat' dir='ltr'><strong>anditione</strong></span> <span class='ocrx_word' id='word_1_487' title='bbox 1198 4773 1312 4842; x_wconf 80' lang='lat' dir='ltr'><strong>Argent</strong></span> <span class='ocrx_word' id='word_1_488' title='bbox 1329 4777 1397 4827; x_wconf 78' lang='grc'><strong>1898</strong></span> <span class='ocrx_word' id='word_1_489' title='bbox 1416 4792 1444 4843; x_wconf 91' lang='lat' dir='ltr'><strong>p.</strong></span> <span class='ocrx_word' id='word_1_490' title='bbox 1459 4779 1492 4828; x_wconf 80' lang='grc'><strong>36</strong></span> <span class='ocrx_word' id='word_1_491' title='bbox 1504 4791 1567 4844; x_wconf 86' lang='lat' dir='ltr'><strong>sqq.</strong></span> 
     </span>
     <span class='ocr_line' id='line_1_47' title="bbox 346 4846 1197 4930; baseline 0.007 -30"><span class='ocrx_word' id='word_1_492' title='bbox 346 4849 374 4917; x_wconf 82' lang='lat'><strong>4)</strong></span> <span class='ocrx_word' id='word_1_493' title='bbox 402 4846 436 4903; x_wconf 85' lang='lat' dir='ltr'><strong>cf.</strong></span> <span class='ocrx_word' id='word_1_494' title='bbox 453 4848 539 4903; x_wconf 89' lang='lat' dir='ltr'><strong>etiam</strong></span> <span class='ocrx_word' id='word_1_495' title='bbox 557 4848 698 4905; x_wconf 69' lang='lat' dir='ltr'><strong>mittin.</strong></span> <span class='ocrx_word' id='word_1_496' title='bbox 719 4855 839 4919; x_wconf 83' lang='lat' dir='ltr'><strong>atquae</strong></span> <span class='ocrx_word' id='word_1_497' title='bbox 858 4849 887 4904; x_wconf 90' lang='lat' dir='ltr'><strong>in</strong></span> <span class='ocrx_word' id='word_1_498' title='bbox 907 4867 1005 4906; x_wconf 87' lang='lat' dir='ltr'><strong>comm.</strong></span> <span class='ocrx_word' id='word_1_499' title='bbox 1022 4852 1163 4907; x_wconf 85' lang='lat' dir='ltr'><strong>adnotavi.</strong></span> <span class='ocrx_word' id='word_1_500' title='bbox 1194 4923 1197 4930; x_wconf 33' lang='grc' dir='ltr'>Ι</span> 
     </span>
    </p>
   </div>
   <div class='ocr_carea' id='block_1_11' title="bbox 0 0 1722 5464">
    <p class='ocr_par' dir='ltr' id='par_1_12' title="bbox 0 0 1722 5464">
     <span class='ocr_line' id='line_1_48' title="bbox 0 0 1722 5464; baseline 0 9"><span class='ocrx_word' id='word_1_501' title='bbox 0 0 1722 5464; x_wconf 95' lang='lat' dir='ltr'><strong> </strong></span> 
     </span>
    </p>
   </div>
  </div>
 </body>
</html>
