3434 5464
288 317 354 383 356
805 315 919 370 Lucas
939 313 1078 370 SACRAE

288 489 347 563 tur,
370 487 433 546 sine
457 487 519 546 ullo
540 478 676 568 dubio²⁶)
700 485 738 545 ad
756 484 939 562 recipiendos
957 484 1062 545 diebus
1086 485 1169 544 iestis
1188 482 1305 543 sodales
1323 485 1448 560 spectat,
1471 484 1509 544 cf.
1530 502 1600 542 curn
1698 514 1704 557 ἱ

288 585 421 644 Dittenb.
444 577 530 662 sulz?
550 585 611 643 735
635 582 736 663 ἐπειδὴ
760 617 804 624 -
827 580 979 664 γενόμενοι
1002 581 1153 662 ἐπιμήνιοι
1176 579 1399 663 αὐτεπάγγελτοι
1422 580 1457 641 τά
1480 602 1510 641 τε
1535 580 1601 660 ἱερὰ

287 681 433 756 ἒξὲθοσαν
455 692 507 743 τῶι
525 679 575 742 Διὶ
598 679 648 743 καὶ
671 715 714 724 —-
739 715 780 722 —
805 713 846 722 -
870 679 925 740 τὰν
947 679 1100 761 ὑποδοχὰν
1123 677 1287 758 ἕποήσαντο
1308 687 1368 739 τῶν
1392 679 1527 757 deposcis
1550 677 1602 738 aui
1698 676 1703 693 '

288 789 346 841 τῶν
364 778 460 841 ἄλλων
479 779 599 840 πάντων
616 783 682 840 tum
700 781 768 840 test.
784 779 881 856 Epict.
897 771 939 860 (n.
957 771 1035 860 129)
1054 779 1108 839 col.
1122 778 1166 837 IV
1180 797 1207 838 v.
1219 780 1343 854 31eqq,
1360 777 1412 837 ubi
1430 781 1461 837 et
1478 779 1604 854 saepius

288 879 323 938 de
347 898 469 940 munere
488 879 703 956 epimeniorum
721 878 844 938 verbum
863 874 1000 956 δέχεσθαι
1018 879 1180 954 usurpatur
1197 867 1267 958 (col.
1282 876 1309 932 V
1326 879 1375 936 12.
1398 878 1447 935 14.
1469 878 1520 935 17.
1543 869 1604 955 27)
1700 912 1705 957 2

288 982 319 1037 et
337 977 424 1038 simul
449 995 525 1054 quae
543 979 733 1054 potissimum
751 994 875 1035 munera
895 978 960 1035 tum
979 975 1118 1052 praebere
1137 973 1301 1050 debuerint,
1324 977 1450 1051 apparet
1469 965 1541 1056 (col.
1559 973 1605 1030 lv
1700 970 1705 989 '

288 1096 314 1136 v.
336 1077 374 1134 31
400 1075 576 1158 παρεξοῦντι
599 1071 632 1134 dt
654 1073 688 1135 oi
707 1073 820 1154 δωρεὰν
843 1072 1080 1154 ἐπιμηνιεύοντες
1102 1065 1187 1133 οἶνον
1210 1071 1326 1145 ξενικὸν
1349 1069 1454 1132 ίιιανὸν
1473 1071 1606 1149 δόκιμον

292 1171 348 1246 ἕως
370 1181 459 1254 τριῶν
481 1171 640 1250 πινόντων,
663 1171 839 1251 στεφάνους,
862 1170 1015 1250 μουσικόν,
1038 1163 1157 1252 μύρον).

377 1270 481 1331 cuo
509 1269 544 1330 τὰ
567 1268 745 1352 ἒξαιρήματα
769 1270 841 1348 quid
865 1270 923 1330 sibi
945 1271 1027 1347 velit,
1051 1270 1148 1329 Paton
1171 1269 1318 1329 indicavit
1341 1267 1508 1346 supplendo
1534 1288 1562 1327 v.
1588 1274 1601 1326 l

289 1367 469 1450 ἐξαιρεῖσθαι
497 1364 543 1449 dt]
571 1366 726 1450 άργάριονε
759 1369 898 1429 dicuntur
924 1370 1025 1444 partes
1053 1389 1068 1426 e
1096 1369 1160 1427 toto
1193 1367 1291 1426 reditu
1319 1367 1422 1426 statim
1449 1369 1606 1443 sepositae

290 1468 462 1546 optimeque
485 1468 613 1528 editores
635 1466 826 1546 Francogalli
847 1470 1001 1526 verterunt
1025 1460 1269 1540 ’γιέίἑνοιιιειάεῖ

377 1575 413 1634 V.
432 1577 472 1634 14
496 1577 632 1651 sequitur
650 1577 732 1635 locus
756 1573 950 1634 difficillimus
973 1592 1027 1633 nec
1044 1573 1134 1650 plane
1153 1572 1250 1632 adhuc
1268 1571 1430 1648 expeditus.
1468 1571 1607 1630 Pendere

288 1675 413 1733 lacunae
440 1675 661 1734 restitutionem
693 1693 727 1732 er
758 1672 1004 1749 interpretatione
1036 1690 1150 1746 eorum,
1182 1689 1258 1746 quae
1290 1669 1359 1728 inde
1392 1689 1410 1729 a
1440 1689 1467 1728 v.
1489 1671 1531 1728 23
1567 1669 1606 1728 de

290 1774 404 1848 nuptiis
432 1773 669 1849 praecipiuntur,
696 1771 793 1830 Paton
820 1773 900 1830 recte
927 1771 1043 1830 statuit.
1093 1767 1174 1839 Quas
1202 1771 1322 1844 nuptias
1349 1767 1432 1826 Beck
1460 1767 1605 1826 Roscium

289 1873 408 1930 secutus
436 1870 472 1928 de
504 1869 690 1930 caerimoniis
722 1869 843 1944 nuptias
876 1867 1012 1928 Herculis
1044 1887 1110 1926 cum
1145 1865 1306 1944 Chalciope
1341 1865 1487 1942 Eurypyli
1521 1867 1605 1943 regis

290 1967 353 2027 filia
380 1967 527 2044 mythicas
554 1967 743 2026 imitantibus
770 1968 898 2044 accepit,
930 1967 1013 2024 nulla
1041 1969 1141 2024 tamen
1171 1983 1260 2026 carisa
1287 1964 1476 2040 aliquetenus
1509 1967 1605 2022 certa.

291 2065 386 2126 Imrno
408 2065 493 2140 talia,
517 2065 618 2141 qualia
640 2085 668 2124 v.
685 2065 795 2140 2Bsqq.
814 2065 850 2123 de
874 2063 1011 2124 carnibus
1034 2065 1199 2124 hostiarum
1223 2061 1341 2122 utendis
1364 2063 1604 2139 praecipiuntur,

288 2165 371 2224 illius
404 2164 569 2224 sententiae
600 2167 770 2242 repugnant
797 2163 970 2239 sodalesque
1002 2163 1123 2239 nuptias
1155 2164 1187 2220 in
1215 2162 1284 2220 fauo
1316 2159 1499 2220 celebrantes
1532 2159 1606 2233 diei,

290 2261 397 2338 quibus
420 2266 539 2338 praeter
561 2265 662 2339 partes
685 2263 716 2319 in
739 2279 842 2320 mensa
864 2279 950 2320 sacra
968 2252 1159 2341 sepositas”)
1179 2278 1281 2319 carnes
1300 2259 1464 2318 hostiarum
1484 2256 1604 2332 cedant,

289 2360 426 2436 probant.
473 2359 666 2420 Considerate
698 2360 792 2437 igitur
824 2361 980 2418 enuntiato
1013 2358 1209 2418 condicionali
1241 2353 1279 2417 dcv
1309 2353 1341 2416 δέ
1372 2379 1415 2428 τις
1442 2389 1487 2396 -
1515 2354 1602 2432 otger

290 2461 352 2529 τοῖς
379 2465 554 2518 ιιοινωνεῦσι
580 2466 639 2517 τῶν
662 2455 749 2537 ἱερῶν
771 2454 885 2534 ἐνδειὴς
907 2449 984 2516 εἶναι
1011 2475 1070 2532 quo
1098 2460 1200 2533 aperte
1228 2457 1360 2531 exceptio
1388 2455 1492 2530 aliqua
1513 2473 1601 2529 prae·

290 2555 369 2632 cepti
398 2556 558 2632 superioris
586 2555 751 2631 inducitur,
778 2555 888 2614 collato
914 2572 1003 2631 porro
1030 2557 1189 2631 praecepto
1218 2553 1373 2630 Epictetus
1402 2545 1601 2634 (cotnra)

291 2648 366 2732 μηδὲ
390 2661 495 2733 χρῆσαι
517 2652 550 2714 τὸ
574 2656 730 2714 Μουσεῖον
753 2652 878 2731 μηθενί,
910 2652 941 2713 εἴ
962 2675 1000 2712 ιια
1024 2651 1065 2730 μή
1092 2674 1136 2725 τις
1162 2659 1222 2712 τῶν
1244 2649 1274 2724 ἐξ
1298 2643 1476 2723 Ἐπιτελείας
1502 2649 1603 2730 γάμον

290 2758 376 2834 ποιῇ,
406 2750 551 2810 Patonem
579 2769 645 2810 cum
669 2750 898 2828 Dittenbergero
926 2752 1043 2810 secutus
1070 2769 1130 2810 non
1158 2749 1275 2824 dubito,
1303 2751 1376 2825 quin
1398 2749 1448 2807 hic
1471 2749 1511 2807 sit
1534 2749 1604 2806 uni·

289 2849 369 2910 uersi
401 2849 459 2908 loci
492 2867 631 2925 conexus,
663 2852 698 2907 ut
729 2849 828 2908 nullus
861 2849 925 2908 fani
959 2867 1029 2910 usus
1062 2850 1197 2924 privatus
1230 2847 1411 2907 concedatur
1443 2846 1499 2904 nisi
1529 2845 1604 2905 belli

291 2947 441 3024 angustiis
465 2941 506 3030 (v.
530 2940 584 3028 14)
611 2951 666 3006 aut
692 2949 718 3006 si
746 2949 798 3023 qui
826 2946 936 3006 sodalis
964 2947 1006 3006 rei
1030 2947 1189 3005 familiaris
1212 2945 1359 3023 angustiis
1382 2945 1604 3004 circumventus

294 3037 463 3128 nuptias²⁸)
487 3046 621 3104 facturus
644 3047 684 3106 sit
708 3038 748 3127 (v.
767 3039 911 3127 14—17).
949 3044 1041 3107 Sede
1061 3045 1274 3120 supplementis
1293 3043 1416 3102 Paionia
1435 3061 1493 3102 non
1512 3041 1604 3102 modo

292 3143 385 3204 verbe
407 3148 469 3215 τοῖς
492 3138 628 3223 [ξενῶσιν
651 3135 708 3204 ἔστ’
734 3139 772 3202 dcv
795 3137 981 3222 ovpnsir‘prus
1005 3143 1163 3202 admodum
1187 3141 1277 3201 dubia
1299 3145 1379 3216 sunt,
1401 3139 1453 3201 sed
1475 3159 1512 3199 ne
1533 3159 1604 3218 pro-

294 3243 410 3300 ximum
433 3241 553 3318 quidem
575 3241 681 3302 ιιοείτω
704 3239 770 3318 τὸ[ν
792 3237 919 3320 γάμ]ο[ν
942 3240 1078 3316 equidem
1102 3259 1157 3318 pro
1180 3242 1260 3300 certo
1287 3239 1397 3315 habeo,
1426 3239 1604 3316 praesertim

293 3358 360 3398 cum
388 3339 439 3399 ille
466 3343 531 3417 ipse
558 3341 626 3417 post
650 3331 723 3400 ΤΟ
751 3357 810 3400 non
835 3332 880 3414 Ν,
912 3339 964 3399 sed
995 3341 1116 3399 litterae
1139 3330 1169 3398 Υ
1194 3339 1323 3416 vestigia
1350 3339 1513 3416 agnoverit
1560 3337 1604 3396 Et

294 3436 374 3514 quod
397 3437 608 3514 Dittenberger
631 3437 746 3498 monuit
768 3437 924 3514 sequentia
946 3440 1107 3514 praecepta
1130 3437 1295 3498 necessario
1317 3435 1464 3514 flagItare,
1487 3439 1523 3494 nt
1539 3434 1603 3494 iam

294 3539 383 3594 antea
405 3535 499 3614 γάμος
522 3537 769 3595 commemoratus
792 3536 892 3610 tuerit,
921 3534 952 3593 id
976 3534 1094 3610 quidem
1119 3537 1212 3608 recte,
1235 3533 1286 3594 sed
1308 3534 1381 3594 haec
1404 3535 1516 3592 mentio
1539 3534 1603 3591 iam

292 3636 323 3692 in
347 3634 456 3694 lacuna
478 3635 629 3710 superiore
656 3633 720 3693 fieri
743 3635 858 3711 potuit,
885 3651 938 3692 nec
962 3634 1082 3692 omnino
1106 3633 1232 3691 alteram
1255 3633 1392 3692 lacunam
1420 3634 1484 3690 sine
1508 3631 1605 3690 altera

290 3731 409 3790 restitui
443 3749 528 3808 posse
560 3733 641 3809 puto.
696 3730 762 3790 Iam
791 3749 861 3790 vero
893 3734 1060 3806 temporum
1093 3729 1279 3790 definitiones
1311 3751 1338 3789 v.
1360 3731 1497 3788 17-21
1532 3727 1601 3787 sub-

293 3835 449 3905 sequentes
470 3830 566 3889 Paton
590 3833 780 3905 suspectare
804 3824 939 3904 coniecit,
961 3831 997 3888 ut
1018 3831 1173 3903 careatur,
1196 3849 1233 3886 ne
1256 3831 1405 3906 apparatu
1427 3829 1603 3903 nuptianrm
1713 3889 1714 3894 1

291 3928 353 3988 illis
376 3927 480 3987 diebus
503 3927 660 3988 sollemnia
687 3928 808 3988 deorum
830 3926 1066 4004 interpellentur.
1113 3926 1195 3998 Quae
1219 3928 1389 3986 coniectura
1416 3927 1474 3986 etsi
1496 3927 1604 3984 ceteris
1713 3929 1714 3988 1

292 4025 417 4103 placuit,
440 4025 544 4085 dubito
567 4045 638 4084 num
661 4045 728 4084 cum
751 4025 797 4099 iis,
821 4042 896 4101 quae
920 4045 947 4086 v.
967 4026 1079 4101 21sqq.
1103 4025 1338 4101 praecipiuntur,
1360 4023 1514 4083 commode
1532 4041 1603 4082 con·

292 4123 389 4208 ciliani
421 4124 529 4200 possit,
560 4125 718 4202 praecipue
752 4142 819 4182 cum
846 4121 943 4184 verbis
975 4120 1024 4183 aut
1058 4120 1091 4182 ἐν
1122 4125 1185 4194 ταῖς
1217 4125 1333 4194 λοιπαῖς
1365 4115 1503 4202 tuden
1530 4137 1603 4180 σνν-

363 4349 409 4417 26)
436 4346 513 4402 Back
537 4347 586 4415 qui
610 4361 674 4402 eum
697 4361 802 4400 morem
822 4345 908 4400 Coum
927 4346 984 4400 dici
1002 4346 1124 4416 putavit,
1148 4345 1183 4398 de
1207 4363 1262 4416 quo
1283 4343 1355 4401 Plut.
1377 4344 1484 4416 ραοιοι,
1502 4344 1550 4399 Gr,
1567 4350 1603 4397 58
1713 4305 1714 4380 t

292 4427 342 4489 τὰς
361 4426 392 4482 δὲ
411 4427 525 4498 νύμφας
542 4427 570 4481 el
589 4435 743 4497 γαμοῦντες
761 4427 920 4492 δεξιοῦνται
938 4423 1103 4498 γνναιιιείαν
1123 4424 1221 4496 στολὴν
1240 4423 1430 4495 περιθέμενοι,
1449 4423 1604 4479 manifesto
1713 4423 1714 4464 i

292 4509 380 4575 οπεος
403 4507 459 4561 vid.
479 4507 564 4561 etiam
583 4507 664 4562 inira.

364 4589 408 4656 εἴ)
438 4587 472 4641 cf.
492 4587 527 4640 de
546 4587 598 4642 hac
616 4603 646 4641 re
665 4605 691 4640 n.
707 4592 743 4640 24
762 4589 790 4640 et
810 4601 883 4654 quae
901 4585 942 4640 ibi
961 4586 1100 4640 adnotavi.

365 4669 410 4738 σε)
438 4666 523 4738 paulo
538 4667 622 4722 aliter
635 4667 720 4721 verta
736 4667 858 4722 editores
877 4667 959 4720 inser.
975 4667 1025 4721 inr.
1041 4666 1168 4737 accipere
1181 4666 1323 4721 videntur:
1345 4667 1396 4720 ‘uu
1409 4665 1505 4721 article
1518 4667 1608 4722 inse'r-
1713 4677 1714 4680 ’

292 4755 399 4802 reusam
418 4753 521 4817 penitet
544 4749 561 4800 ὰ
586 4749 614 4802 lo
637 4755 826 4803 camisianum
851 4747 1014 4802 d'cutorieer
1037 4765 1077 4800 ιιιι
1100 4747 1264 4802 ἀεισειιάαιιι
1286 4747 1325 4801 du
1348 4753 1490 4814 teimau,
1518 4747 1610 4801 tumbe
1713 4751 1714 4760 ¹

294 4827 365 4881 duee
384 4829 412 4882 tc
432 4829 535 4894 νιιέἐτε,
553 4829 571 4880 ὰ
585 4829 699 4884 ccietm
715 4828 732 4880 ὰ
746 4845 795 4882 sora
809 4829 904 4897 profit,
923 4829 994 4882 daus
1008 4829 1045 4882 les
1059 4828 1158 4882 ῑοοοιια
1171 4829 1268 4894 camis,
1285 4843 1339 4882 uae
1352 4827 1500 4882 cdrsimome
1513 4827 1607 4895 quali·

292 4907 340 4972 file
359 4908 391 4962 de
409 4909 493 4961 νοτε)
532 4907 587 4960 Sed
606 4907 717 4976 qualem
737 4907 809 4962 hane
829 4908 1028 4962 caerimoniam
1047 4908 1244 4979 imaginentur,
1263 4925 1362 4977 parum
1382 4923 1523 4976 assequor.
