3424 5462
646 346 859 403 nnsunsnn
879 366 905 402 n.
922 353 956 404 so
1392 349 1458 415 243

145 535 212 592 qua,
235 516 294 576 nisi
318 518 385 593 quis
407 517 472 576 iure
495 516 693 597 προμαντείας
716 507 929 598 fruebatur¹⁶),
957 537 1081 576 evocare
1102 517 1172 578 illos
1195 517 1332 594 debebat,
1361 537 1399 578 so.
1423 521 1458 578 ut

145 614 288 674 sacellum
312 616 485 688 introirent3
508 633 580 674 nam
602 612 659 692 πρὸ
683 621 737 675 τοῦ
760 623 836 674 ναοῦ
860 607 901 695 (v.
923 608 979 696 35)
1003 615 1199 675 haecomnia
1226 615 1346 676 fiebant.
1391 616 1457 676 Iam

144 712 217 788 quid
240 711 322 772 intre
345 713 458 772 fectum
482 710 549 772 est?
571 711 695 772 πινάκια
718 715 772 771 i.e.
788 712 916 787 tabulas,
938 713 971 772 in
994 714 1101 790 quibus
1119 717 1309 790 quaestiones
1332 715 1456 790 inscrip-

144 813 253 883 serant,
277 829 327 869 eos
350 810 576 888 magistratibus
598 809 689 870 saeris
713 809 871 870 tradidisse
895 813 1013 870 constat
1037 831 1052 869 e
1071 831 1099 870 v.
1114 813 1165 870 41.
1202 812 1245 871 At
1267 812 1335 872 idne
1359 811 1457 872 solum

143 907 269 967 iecerint
301 926 339 966 an
367 911 521 983 praeterea
548 909 653 967 statim
686 909 801 968 oraculi
827 925 1002 984 responsum
1029 909 1167 984 tulerint,
1200 912 1362 986 quaeritur.
1412 911 1458 969 Ao

143 1005 247 1065 Reichl
271 1006 405 1082 qnidam,
429 1008 557 1066 sirecte
580 1025 647 1064 euru
671 1007 827 1085 intellego,
856 1006 946 1066 verba
970 1005 1041 1066 όταν
1065 1003 1097 1066 δέ
1120 1011 1301 1091 συντελεσθῇ
1325 1005 1357 1067 τό
1381 1031 1457 1086 μαν-

142 1107 221 1164 τεῖον
244 1104 282 1163 ad
306 1105 427 1164 oracula
450 1104 531 1163 edita
553 1104 674 1164 rettulit
695 1103 883 1180 tabellisque,
909 1106 1084 1180 priusquam
1107 1103 1149 1176 είς
1172 1101 1290 1185 ἀγγεῖον
1312 1107 1457 1165 iniceren-

142 1205 200 1277 tur,
227 1219 371 1278 responsa
394 1202 444 1262 dei
469 1203 615 1278 inscripta
637 1204 767 1278 putavit.
814 1201 900 1272 Quod
927 1204 954 1262 si
976 1223 1079 1262 verum
1101 1209 1159 1277 est,
1184 1221 1236 1262 our
1257 1202 1379 1262 tandem
1401 1205 1458 1263 illa

143 1299 311 1379 obsignatio
335 1301 417 1360 facta
436 1301 476 1360 sit
494 1303 548 1359 ant
566 1319 619 1358 eur
636 1301 757 1360 omnino
775 1300 906 1360 tabellae
924 1303 1074 1377 responsis
1092 1300 1255 1377 inscriptae
1274 1321 1331 1360 non
1352 1304 1456 1361 statim

142 1398 383 1459 consultantibus
400 1398 535 1458 redditae
553 1400 616 1458 sint
632 1417 751 1475 noxque
769 1400 977 1475 intercesserit,
997 1417 1118 1458 oausam
1134 1399 1271 1460 idoneam
1285 1418 1345 1458 non
1360 1399 1455 1460 video.

142 1496 205 1556 Nae
231 1515 303 1556 vero
331 1498 386 1557 hoc
414 1515 473 1556 uno
501 1496 566 1556 loeo
595 1497 630 1555 da
660 1514 717 1556 usu
739 1497 917 1556 tabellarum
942 1497 1177 1576 obsignandique
1200 1516 1282 1557 more
1305 1497 1456 1557 audimus:

141 1592 291 1654 Lucianus
310 1595 346 1654 de
356 1594 526 1654 Alexandro
540 1593 753 1654 Pseudomanti
766 1595 957 1671 Amphilochi
972 1595 1069 1654 Mallii
1082 1596 1235 1655 oraculum
1250 1597 1368 1654 imitato
1382 1595 1456 1654 haec

141 1696 245 1752 narrat
264 1711 287 1751 e.
300 1695 354 1753 19:
378 1689 507 1752 ἐκέλευσε
526 1689 558 1752 δὲ
575 1689 697 1752 ἕκαστον
717 1683 752 1752 οὗ
772 1687 860 1753 δέοιτ’
877 1687 915 1752 δν
933 1691 983 1751 καὶ
997 1687 1013 1752 δ
1028 1691 1151 1770 μάλιστα
1170 1697 1280 1770 μαθεῖν
1298 1689 1406 1770 ἐθέλοι,
1425 1690 1456 1766 ἐς

140 1789 258 1869 βιβλίον
281 1788 470 1871 ἐγγράψαντα
492 1789 682 1870 καταρράψαι
700 1811 729 1851 τε
748 1787 797 1849 καὶ
816 1789 1084 1868 κατασημήνασθαι
1105 1787 1220 1874 κηρῷῆ
1239 1795 1323 1874 πηλῷ
1339 1787 1359 1870 ἢ
1377 1787 1455 1874 disq

141 1888 276 1972 τοιούτῳ·
297 1886 385 1961 αὐτὸς
404 1886 437 1949 δέ
455 1885 555 1967 λαβὼν
571 1886 607 1948 τὰ
625 1889 726 1967 βιβλία
744 1885 794 1948 καλ
812 1885 841 1961 ές
859 1887 891 1948 τὸ
911 1885 1021 1948 όδυτον
1035 1885 1188 1948 κατελθὼν
1202 1919 1246 1930 -
1260 1921 1304 1930 -
1322 1885 1456 1948 καλέσειν

141 1983 237 2064 έμελλε
265 1985 339 2046 κατὰ
366 1986 449 2059 τάξιν
476 1985 545 2060 τοὺς
573 1986 739 2058 δεδωκότας
767 1984 826 2047 ύπό
854 1985 962 2065 κήρυκι
993 1984 1042 2045 καὶ
1070 1985 1202 2068 θεολόγῳ
1225 1984 1275 2045 καλ
1298 1985 1378 2067 παρὰ
1400 1993 1454 2046 τοῦ

140 2089 216 2146 θεοῦ
239 2082 360 2145 ἀκούων
382 2083 488 2145 ἕκαστα
516 2084 548 2144 τό
577 2082 630 2162 μὲν
653 2085 771 2164 βιβλίον
798 2081 965 2144 ἀποδώσειν
987 2081 1209 2161 σεσημασμένον
1233 2080 1272 2156 ὡς
1300 2077 1370 2163 εἶχε,
1398 2083 1454 2163 τὴν

141 2179 173 2242 δέ
200 2181 275 2260 πρὸς
302 2181 374 2244 αύτὸ
402 2181 560 2258 ἀπόκρισιν
587 2179 855 2262 ὑπογεγραμμένην
886 2186 943 2242 κτλ.
978 2201 1012 2241 ac
1043 2184 1105 2240 iam
1132 2181 1281 2256 fraudem,
1314 2202 1374 2259 qua
1401 2184 1454 2243 ille

140 2282 243 2358 sigilla
273 2282 408 2354 solverit,
442 2283 579 2358 castigat.
626 2281 667 2339 Et
697 2280 770 2340 haec
799 2281 919 2357 quidem
947 2281 1028 2339 frans
1055 2297 1198 2356 responsa
1226 2281 1327 2357 sigillo
1355 2281 1453 2342 soluto

140 2379 325 2439 suscribendi
348 2379 511 2440 Alexandri
533 2379 658 2455 propria
682 2383 756 2452 erat,
780 2381 886 2438 ceteris
910 2383 1011 2437 autem
1034 2379 1223 2453 aliquatenus
1247 2383 1326 2438 certe
1349 2397 1453 2438 oracu-

139 2479 202 2536 lum
225 2478 363 2537 Mallium
386 2477 569 2537 imitabatur.
615 2477 659 2536 De
684 2495 743 2552 quo
765 2477 831 2553 ipso
854 2475 977 2536 Lueian.
1000 2475 1189 2551 Philopseud.
1210 2477 1251 2534 38
1276 2472 1396 2536 ἀκούων
1418 2475 1451 2536 τὸ

139 2574 171 2635 ἐν
194 2577 310 2659 Μαλλῷ
330 2583 417 2636 τοῦτο
441 2580 578 2654 μαντεῖον
601 2571 836 2651 ἐπιφανέστατόν
858 2595 887 2634 τε
910 2571 960 2633 καί
982 2570 1186 2650 ἀληθέστατον
1207 2565 1283 2632 εἶναι
1305 2571 1355 2633 καλ
1377 2583 1451 2654 χρᾶν

139 2672 269 2754 ἐναργῶς
291 2671 366 2754 πρδς
388 2673 458 2746 ἐπος
481 2670 729 2751 ἀποκρινόμενον,
757 2663 803 2744 οἷς
831 2668 869 2732 διν
892 2669 1044 2751 ἐγγράψας
1067 2691 1111 2742 τις
1133 2669 1175 2742 είς
1198 2668 1231 2730 τὸ
1254 2676 1452 2750 γραμματεῖον

138 2771 262 2854 παραδῷ
286 2776 325 2854 τῷ
345 2771 485 2853 προφήτῃ
508 2775 566 2831 κτλ.
604 2771 662 2831 Hic
685 2790 756 2831 sane
780 2769 855 2830 nihil
873 2769 909 2828 de
929 2769 1121 2848 obsignando‚
1145 2767 1197 2829 sed
1215 2769 1354 2829 subvenit
1372 2769 1452 2829 Plut.

139 2870 174 2930 de
203 2870 260 2930 def.
285 2889 326 2929 or.
346 2871 403 2929 45:
435 2867 564 2946 ἤκμαζεν
591 2867 664 2947 ἐμοῦ
689 2866 836 2956 παρόντος
864 2864 914 2926 καί
941 2865 974 2926 τό
998 2867 1117 2940 Μόψου
1145 2864 1195 2925 καλ
1218 2864 1250 2926 τδ
1271 2859 1452 2946 Ἀμφιλόχου

139 2973 289 3046 μαντεῖον·
318 2967 373 3047 ἔχω
402 2960 429 3028 δ’
455 2967 548 3028 εἰπεῖν
575 2972 614 3049 τῷ
636 2965 758 3041 Μόψου
785 2963 1022 3046 παραγενόμενος
1044 2973 1165 3043 πρᾶγμα
1190 2964 1452 3042 θαυμασιώτατον·

139 3063 154 3126 ό
181 3065 238 3146 γὰρ
266 3062 384 3147 ἡγεμὼν
406 3073 460 3144 τῆς
483 3065 618 3138 Κιλικίας
641 3096 686 3105 --
709 3097 753 3106 -
780 3061 957 3141 εἰσέπεμψεν
980 3060 1181 3141 ἀπελεύθερον
1205 3055 1271 3123 οἷον
1296 3061 1338 3134 εἰς
1366 3066 1452 3123 πολε-

139 3163 216 3240 μίων
239 3163 426 3224 κατάσκοπον
448 3162 637 3241 ἐνσκευάσας,
661 3161 764 3241 έχοντα
787 3157 1079 3242 κατεσφραγισμένην
1100 3157 1211 3238 δέλτον,
1230 3159 1263 3220 ἐν
1281 3145 1301 3245 ᾗ
1324 3159 1356 3222 τὸ
1379 3158 1451 3239 ἐρύ-

137 3283 216 3340 τημα
240 3253 278 3340 ἦν
301 3259 535 3342 ἐγγεγραμμένον
558 3259 683 3332 οὐδενός
707 3258 832 3332 εἰδότος·
856 3257 1033 3337 ἐννυχεύσας
1056 3249 1112 3318 cdv
1132 3253 1147 3316 δ
1169 3255 1330 3337 άνθρωττος
1353 3255 1451 3339 ὥσπερ

137 3359 210 3432 λ’θος
232 3358 302 3436 ἐστί,
325 3365 364 3443 τῷ
385 3364 466 3442 σηκῷ
485 3357 535 3419 καί
558 3356 791 3436 κατακοιμηθεὶς
814 3355 971 3438 ἀπήγγειλε
995 3349 1063 3435 μεθ’
1085 3351 1198 3435 ἡμέραν
1218 3354 1360 3416 ἐνύπνιον
1383 3363 1452 3415 τοῦ·

136 3472 202 3518 τον·
226 3454 391 3537 άνθριοπον
415 3456 515 3529 ἔδοξεν
534 3454 613 3540 αύτῷ
637 3460 696 3517 κτλ.
735 3457 799 3516 Ηοο
819 3457 914 3536 igitur
932 3456 1085 3514 oraculum
1104 3456 1149 3514 ita
1167 3456 1341 3514 institutum
1358 3455 1452 3514 fuisse

137 3556 270 3630 videtur,
298 3559 332 3614 ut
360 3555 563 3615 consultantes
592 3557 782 3631 quaestiones
810 3555 842 3612 in
864 3553 984 3614 tabellis
1012 3553 1177 3630 obsignatis
1200 3553 1360 3629 inscriptas
1383 3571 1452 3628 pro·

137 3655 245 3730 phetae
269 3653 383 3727 duent,
407 3659 498 3712 noctu
521 3649 628 3712 deinde
651 3653 682 3711 in
706 3653 820 3727 templo
843 3653 978 3726 responsi
1001 3669 1090 3710 causa
1112 3650 1301 3725 incubarent,
1332 3652 1451 3725 postero

137 3752 185 3810 dio
208 3751 336 3811 tabellas
359 3754 494 3830 integras
516 3752 692 3827 reciperent.
739 3750 807 3808 Non
835 3751 902 3809 dico
931 3749 1020 3826 plane
1044 3748 1146 3808 eodem
1170 3748 1257 3808 modo
1281 3750 1452 3808 universam

136 3870 199 3910 rem
228 3850 308 3926 apud
336 3850 507 3926 Apollinem
532 3848 715 3924 conopaeum
744 3848 855 3908 factam
884 3866 959 3922 esse,
988 3866 1046 3904 nox
1073 3849 1173 3905 tamen
1204 3845 1257 3905 illa
1280 3846 1452 3906 intermissa

136 3950 336 4025 suspicionem
360 3947 559 4007 incubationis
583 3947 667 4020 facit,
690 3965 744 4005 neo
767 3947 856 4022 plane
879 3945 1047 4005 inauditam
1070 3944 1291 4004 incubationem
1313 3945 1345 4002 in
1366 3944 1451 4004 cultu

135 4046 287 4123 Apollinis
315 4047 407 4106 fuisse
436 4065 503 4106 cum
529 4047 638 4122 papyri
662 4045 785 4121 quidam
808 4045 917 4120 magici
941 4047 1004 4102 tum
1029 4041 1163 4102 Suetonii
1192 4043 1227 4100 de
1251 4042 1334 4101 cultu
1356 4042 1448 4118 Apol-

135 4146 207 4204 linis
231 4144 366 4204 Romano
390 4145 595 4203 testimonium
619 4135 714 4224 (Aug.
736 4135 792 4224 94)
816 4133 1026 4223 ostendunt.¹⁶)

226 4242 261 4301 In
289 4243 398 4301 lacuna
423 4262 450 4300 v.
471 4243 586 4318 49sqq.
611 4243 703 4300 etiam
728 4241 764 4298 de
791 4243 925 4316 repensis
954 4240 1067 4299 oraeuh
1090 4257 1255 4298 sermonem
1278 4240 1369 4298 fuisse
1392 4256 1449 4298 vox

137 4339 286 4420 χρησμούς
297 4339 434 4399 ostendit.
443 4371 477 4381 —
485 4339 665 4418 Fragmenta
675 4339 701 4396 B
713 4338 887 4416 diligentius
897 4338 933 4396 de
942 4336 1120 4414 perficiendo
1131 4337 1248 4396 decreto
1260 4337 1449 4412 prospicitur.

226 4439 319 4498 Aetas
337 4438 421 4497 tituli
438 4439 527 4514 plane
546 4441 628 4497 certa
646 4455 705 4496 non
725 4439 778 4495 est.
816 4436 916 4496 Primo
936 4453 962 4494 a.
979 4433 1044 4494 Chr.
1060 4455 1089 4493 n.
1104 4433 1221 4494 saeculo
1241 4451 1312 4494 sane
1330 4432 1451 4513 Lolling

139 4529 244 4614 (MAI
262 4535 323 4594 VII
344 4556 373 4612 p.
394 4528 517 4616 340,1)
537 4539 568 4594 et
589 4535 671 4594 Korn
696 4554 761 4594 eum
784 4533 931 4607 tribuunt,
953 4533 1004 4592 sed
1028 4535 1237 4610 argumentum
1259 4531 1359 4608 ipsum
1382 4551 1450 4590 oum

139 4635 317 4693 auctoritate
341 4634 530 4693 oraculorum
552 4637 618 4692 tum
640 4635 756 4692 iacente
779 4650 886 4706 pamm
909 4633 1066 4690 convenire
1089 4630 1164 4689 mibi
1183 4630 1310 4688 videtur.

208 4859 252 4928 16)
277 4856 444 4912 dehooiure
455 4851 1449 4926 of.nuncpotissimumLegrandRec.desit.qr.ll111(1900)p.281sqq.

209 4943 253 5008 lt)
282 4937 317 4991 cf.
338 4937 373 4991 de
392 4937 446 4992 hac
463 4953 494 4990 re
512 4936 644 4991 Deubner
662 4937 706 4990 Dc
726 4935 901 4990 maratana
920 4952 947 5004 p.
963 4939 1042 5002 32sq.
1181 5020 1234 5074 16.
