3450 5458
649 307 854 363 uaesaniae
873 314 950 364 aaa
1390 311 1453 377 179

139 478 303 556 gestabant
322 471 364 558 (v.
381 468 451 559 30):
475 479 561 554 signa
580 495 618 536 so.
639 477 762 536 dearum
783 496 818 536 ao
836 495 908 537 vasa
927 495 1010 537 saera
1029 481 1150 555 aliaque
1168 479 1283 556 priseae
1300 481 1454 558 religionis

137 577 326 635 monimenta
333 567 383 658 ⁶⁰),
401 594 479 651 quae
497 575 534 633 ab
553 575 752 652 hierophanta
765 577 797 634 in
817 577 1007 652 conspectum
1020 581 1187 652 mystarum
1201 573 1454 660 proferrenturw)

138 673 259 734 Dubius
283 691 351 732 sum
373 673 410 732 de
433 673 527 747 libris,
551 691 624 750 quos
647 673 858 734 Mnasistratus
881 673 1009 733 tradidit
1031 668 1065 755 (β
1086 668 1130 756 2),
1153 695 1229 751 quaa
1252 675 1352 754 βιβλία
1374 677 1455 737 haud

138 771 231 831 dubie
250 771 354 830 eadem
373 774 443 832 sunt
461 774 551 846 atque
569 768 676 852 ἀρχαῖα
693 772 749 831 illa
767 768 900 852 ἔγγραφοι
914 764 948 851 (β
965 765 1020 854 17)
1039 791 1094 832 neo
1112 792 1171 833 non
1190 773 1214 832 ii
1230 773 1310 851 libri,
1328 777 1361 833 in
1380 793 1453 851 quos

137 878 202 930 τῶν
229 869 380 950 Μεγάλων
410 869 494 929 Θεῶν
521 864 540 944 ἡ
568 868 665 946 τελετὴ
694 888 710 928 e
737 868 939 930 voluminibus
969 872 1101 931 stanneis
1133 875 1314 949 transcripta
1344 891 1407 934 esse
1435 892 1454 934 a

137 968 292 1028 Pausania
319 969 460 1028 narratur
483 960 542 1050 (IV
566 969 617 1042 26,
632 961 675 1050 8).
722 967 827 1028 Potuit
856 970 935 1028 enim
962 968 1036 1044 fieri,
1065 972 1152 1028 utin
1175 971 1213 1030 iis
1236 975 1395 1048 praecepta
1418 971 1453 1030 de

137 1067 234 1126 saeris
256 1065 405 1126 faciundis
429 1065 594 1143 persoripta
617 1058 761 1146 essentn)
783 1065 822 1125 ad
840 1067 1027 1126 sacerdotum
1047 1087 1215 1144 eorumque,
1239 1070 1291 1144 qui
1309 1071 1453 1146 mysteria

138 1164 406 1237 administrabant,
439 1182 525 1222 usum
552 1163 716 1239 destinata,
742 1166 843 1240 potuit
869 1166 971 1223 umen
998 1166 1104 1240 etiarn,
1135 1168 1170 1224 ut
1196 1167 1301 1243 hymni
1322 1169 1361 1226 iis
1384 1185 1453 1226 oon-

138 1264 309 1322 tn'uerentur
331 1265 363 1322 et
385 1263 519 1322 earmina
541 1281 635 1336 saera,
658 1281 735 1338 quae
757 1263 789 1321 iu
811 1265 962 1339 mysteriis
985 1265 1193 1338 recitarentur,
1216 1265 1252 1323 of.
1276 1263 1363 1324 Paus.
1378 1263 1453 1323 vm

87 1393 91 1398 ·
139 1361 228 1434 15,2
257 1359 295 1419 de
317 1359 490 1420 Pheneabis:
521 1355 643 1441 ἄγοντες
670 1356 702 1420 δὲ
729 1357 809 1439 παρὰ
836 1358 900 1432 ἔτος
927 1358 1033 1437 ἥντινα
1062 1359 1178 1440 τελετὴν
1202 1362 1320 1440 μείζονα
1342 1357 1452 1440 ὄνομά-

137 1460 238 1536 ζουσι,
266 1456 336 1529 τοὺς
358 1457 465 1530 λίθους
491 1456 615 1530 τούτους
641 1465 804 1535 τηνικαῦτα
832 1454 988 1538 ἀνοίγουσι
1009 1455 1060 1518 καί
1082 1457 1222 1538 λαβόντες
1244 1459 1399 1540 γράμματα
1421 1457 1452 1533 ἐξ

136 1555 240 1618 αὐτῶν
263 1553 366 1636 ἔχοντα
389 1553 424 1614 τὰ
446 1553 477 1628 ἐς
499 1553 554 1632 τὴν
576 1554 692 1633 τελετὴν
715 1553 765 1616 καί
793 1553 1009 1636 ἀναγνόντες
1036 1554 1066 1630 ἐς
1093 1554 1224 1634 ἐπήκοον
1246 1566 1305 1617 τῶν
1333 1565 1452 1637 μυστῶν

129 1652 294 1715 κατέθεντο
318 1651 350 1714 ἐν
373 1650 457 1713 νυκτί
480 1645 572 1725 αὖθις
594 1661 630 1736 τῇ
653 1651 739 1735 αὐτῇ.
784 1653 897 1730 Utique
921 1658 952 1713 et
973 1651 1009 1714 τὰ
1033 1653 1169 1734 δρώμενα
1192 1658 1223 1715 et
1243 1653 1278 1714 τὰ
1300 1653 1451 1735 λεγόμενα,

132 1770 214 1830 quaa
237 1753 377 1812 Eleusine
401 1754 545 1828 mystaria
569 1751 747 1826 efficiebant,
769 1750 926 1812 Audaniae
950 1771 1068 1828 quoque
1091 1759 1318 1831 eognosountur.
1360 1754 1450 1812 Deui-

130 1871 196 1927 que
219 1870 311 1927 aeque
335 1855 426 1926 atque
447 1850 588 1909 Eleusine
608 1850 739 1910 diversos
758 1850 852 1910 fuisse
870 1851 1025 1909 initiorum
1044 1851 1155 1928 gradus
1173 1854 1264 1912 testes
1284 1854 1354 1912 sunt
1371 1872 1450 1930 ττρω-

129 1945 279 2028 τομύσται
305 1947 438 2008 Andauii
465 1942 507 2030 (r.
528 1942 598 2029 14),
627 1968 687 2024 qua
713 1967 786 2008 voce
813 1949 972 2008 manifesto
1000 1950 1037 2022 ii,
1066 1951 1120 2024 qui
1146 1951 1277 2025 primum
1299 1952 1450 2026 mysteriis

130 2049 286 2107 intersunt
302 2049 492 2124 primumque
511 2049 667 2106 initiorum
686 2047 811 2124 gradum
831 2046 951 2120 adeunt,
970 2039 1169 2129 dicuntur⁷¹);
1192 2049 1340 2124 quomodo
1359 2048 1451 2108 aeteri

131 2146 282 2222 appellati
304 2147 375 2220 sint,
398 2164 457 2203 non
480 2147 542 2204 iam
565 2148 700 2222 apparet,
724 2145 760 2204 of.
786 2146 877 2204 etiam
899 2163 976 2220 quae
1001 2145 1040 2203 ad
1063 2142 1083 2220 ἓ
1103 2146 1121 2204 3
1146 2145 1216 2205 dixi.
1470 2143 1473 2148 “

223 2253 288 2312 Iam
312 2253 347 2312 de
371 2251 629 2312 administratione
653 2251 842 2312 sollemnium
866 2251 956 2311 etde
979 2251 1182 2312 sacerdotibus
1211 2253 1338 2330 aliisque
1360 2255 1448 2312 mini·

131 2353 205 2412 stris
229 2352 320 2410 saeris
343 2368 441 2426 pausa
464 2350 719 2426 comprehendam.
761 2349 957 2426 Praecipuam
979 2351 1074 2428 igitur
1097 2369 1199 2410 euram
1220 2350 1450 2411 administrandi

132 2448 322 2508 sustinebant
349 2466 411 2507 una
440 2467 509 2506 oum
532 2448 706 2508 decemviris
730 2438 781 2528 (of.
801 2445 820 2524 β
841 2449 882 2506 25
908 2442 973 2527 [τᾶς
996 2443 1203 2528 κατα]στάσιος
1226 2455 1285 2509 τῶν
1308 2441 1392 2528 δέκα)
1416 2451 1449 2523 ii,

131 2549 188 2624 qui
206 2545 368 2606 audiebant
386 2544 471 2625 ίεροίε
491 2545 530 2604 ad
548 2547 619 2605 anni
637 2548 755 2624 tompus
771 2540 813 2627 (v.
830 2537 886 2626 10)
905 2546 1043 2606 tributim
1063 2549 1143 2606 sorte
1163 2546 1350 2624 eligebantur
1369 2539 1410 2628 (v.
1427 2548 1446 2606 6

131 2649 166 2704 et
186 2638 278 2726 132),
297 2663 351 2703 neo
370 2663 440 2704 vero
460 2662 562 2704 omues
580 2644 706 2704 tribules
725 2644 878 2703 sortitioui
895 2643 1066 2704 interfuisse
1085 2647 1212 2722 apparet
1230 2664 1245 2703 e
1262 2646 1448 2722 s.130sqq.,

130 2744 188 2802 ubi
210 2743 371 2802 decemviri
404 2743 498 2800 creari
529 2741 670 2802 iubentur
701 2739 730 2813 ἐξ
762 2732 805 2801 ὧν
832 2738 991 2823 γέγραπται
1022 2741 1092 2814 τοὺς
1124 2741 1222 2822 ἱεροὺς
1253 2745 1447 2822 υλαροῢσθατ.

130 2839 314 2900 Huiusmodi
336 2841 529 2916 praeceptum
557 2859 624 2899 oum
646 2841 679 2898 in
705 2839 806 2917 lapide
833 2843 935 2900 nostro
963 2839 1054 2914 desit,
1082 2840 1260 2900 oonieoturis
1287 2841 1370 2900 loeus
1394 2843 1446 2900 est.

132 2938 264 3016 Sauppe,
287 2941 390 2996 utrum
413 2941 495 2997 oerta
517 2957 549 2997 re
568 2937 712 2997 familiari
735 2956 772 2996 an
796 2937 954 2997 nobilitate
974 2940 1091 3016 generis
1110 2957 1184 3014 opus
1202 2938 1317 3013 fuisset,
1340 2938 1447 2998 dubius

131 3041 212 3112 erat,
249 3035 410 3096 nobiliores
447 3037 556 3096 eleetos
590 3055 653 3096 esse
685 3036 777 3096 sumit
809 3035 944 3095 Ditteub.
999 3035 1138 3096 Fortasse
1170 3037 1261 3096 etiam
1291 3037 1323 3096 id
1353 3056 1447 3096 unum

131 3137 254 3195 cautum
278 3137 352 3208 erat,
374 3136 409 3192 ut
427 3135 542 3193 initiati
560 3134 749 3211 eligerentur,
772 3133 908 3193 initiatos
927 3134 1007 3192 enim
1026 3151 1088 3194 esse
1107 3134 1243 3195 debuisse
1261 3131 1331 3205 τοὺς
1349 3133 1447 3214 ίεροοίς

132 3234 331 3292 certissimum
354 3223 453 3314 esum)
491 3231 679 3309 Quamquam
702 3232 925 3292 oiroumlooutio
947 3232 1002 3291 illa
1025 3252 1052 3292 v.
1073 3233 1137 3292 130
1161 3231 1364 3292 eondioiouem
1387 3251 1447 3292 uon

204 3441 250 3508 69)
274 3439 309 3493 de
323 3439 399 3492 vocis
414 3437 476 3505 ίερά
489 3438 517 3491 vi
532 3439 561 3494 et
575 3438 610 3492 de
625 3437 703 3492 cistis
717 3437 805 3492 saeris
820 3437 855 3493 of,
870 3436 983 3493 Lobeok
997 3437 1133 3508 Aglaopb.
1143 3455 1170 3506 p.
1181 3443 1280 3506 tlsqq.
1292 3437 1322 3491 et
1332 3435 1445 3506 Prings·

130 3519 207 3574 heim
222 3519 305 3573 Ατοίο.
315 3519 403 3574 Beitr.
418 3537 444 3588 p.
456 3523 557 3587 desqq.
587 3517 716 3573 Ceterum
731 3535 794 3573 ossa
808 3533 920 3586 qnoque
934 3517 1035 3586 Euryti
1049 3517 1150 3585 herois,
1165 3533 1237 3586 quae
1251 3516 1281 3570 in
1296 3515 1445 3571 Carneasio

132 3597 357 3664 asservabantur,
376 3599 450 3652 inter
462 3597 514 3652 illa
528 3597 590 3666 ίερὰ
604 3596 691 3651 fuisse
710 3598 848 3667 suspioor;
868 3597 968 3666 utique
983 3599 1080 3667 partes
1093 3596 1230 3666 quasdam
1244 3613 1340 3652 eorum
1358 3595 1445 3650 fnisse

131 3681 162 3733 in
180 3677 325 3748 mysteriis
340 3677 453 3748 Sauppe
472 3681 554 3733 sonte
573 3677 640 3733 iude
659 3677 782 3748 oollogit,
802 3678 878 3746 quod
891 3676 973 3732 Pans.
990 3678 1025 3731 de
1043 3677 1079 3730 iis
1098 3693 1211 3732 narrare
1228 3675 1308 3731 nefas
1323 3677 1443 3746 putavit.

205 3761 250 3829 10)
278 3757 313 3813 of.
333 3757 445 3813 hobeolr
464 3760 481 3814 ί.
496 3776 518 3814 ο.

204 3850 250 3918 tl)
278 3848 313 3901 de
332 3846 386 3902 hae
404 3863 516 3916 quoque
534 3863 565 3902 re
584 3845 618 3902 of.
633 3847 813 3917 potissimum
826 3845 939 3902 Lobeok
957 3865 984 3916 p.
1001 3851 1099 3915 193sq.
1129 3844 1207 3912 Quae
1226 3845 1312 3900 sohol.
1327 3843 1441 3900 Theoer.

130 3928 170 3982 lv
180 3934 214 3983 25
229 3927 318 3982 tradit
338 3928 373 3982 de
385 3927 542 3997 uirginibus
558 3944 631 3996 quae
647 3927 720 3982 κατὰ
738 3927 789 3997 τήν
807 3926 915 3998 ἡμέραν
928 3933 979 3996 τῆς
996 3929 1106 3996 τελετῆς
1118 3925 1169 3990 τὰς
1182 3923 1318 3996 νομίμους
1331 3922 1444 3996 βίβλους

131 4009 181 4063 καί
200 4007 277 4076 ἱερὰς
290 4006 361 4076 ὑπὲρ
380 4017 436 4062 τῶν
449 4016 584 4078 κορυφῶν
598 4007 627 4076 (l.
642 4010 783 4078 κεφαλῶν)
798 4008 892 4062 αὑτῶν
910 4003 1081 4062 ἀνετίθεσαν
1095 4006 1144 4061 καί
1162 4006 1264 4062 ὡσανεί
1282 4005 1443 4061 λιτανεύσο-

131 4107 180 4144 οαι
198 4087 358 4158 ἀπήρχοντο
377 4087 418 4150 είς
432 4085 592 4155 'Etruscum
615 4087 665 4152 iis,
688 4089 754 4142 utut
772 4086 808 4142 de
826 4087 959 4141 Eleusine
982 4102 1012 4141 se
1034 4085 1135 4153 habet,
1158 4102 1215 4141 nou
1237 4088 1333 4140 tamen
1351 4086 1442 4141 omnis

130 4169 201 4224 fides
224 4167 356 4240 neganda
375 4167 486 4223 videtur
506 4171 540 4222 ut
562 4167 632 4223 feeit
653 4167 759 4221 Preller
778 4169 904 4224 Demeter
921 4184 948 4237 p.
964 4172 1016 4220 340
1036 4169 1065 4221 et
1083 4172 1148 4233 3⁶²3
1172 4167 1284 4221 nautius
1306 4166 1444 4221 iudicavit

129 4249 275 4306 Hermann
296 4248 415 4304 θνατοί.
430 4247 503 4304 Δία’
522 4253 595 4316 βοθ,
607 4254 649 4302 20.

204 4341 249 4408 12)
277 4337 391 4408 Sauppe
409 4338 549 4393 contrario
569 4337 720 4407 superioris
739 4337 843 4407 gradus
861 4339 968 4406 mystas
987 4337 1043 4406 (die
1060 4336 1274 4407 Ersgrwedsten)
1292 4333 1442 4404 intellexit,

130 4419 253 4474 Eouoart
269 4417 315 4473 vel
333 4418 364 4472 in
383 4418 528 4488 complura
541 4411 662 4487 'agmina
680 4417 784 4472 dimaon
803 4416 891 4471 fuisse
909 4419 1024 4486 mystas,
1044 4433 1163 4485 quornm
1178 4415 1320 4486 prinsipes
1333 4435 1442 4484 πρωτο·

130 4500 233 4568 μύσται
259 4501 434 4566 vooarentur,
462 4497 517 4552 sibi
545 4497 691 4568 persuasit.
738 4497 841 4551 Mirum
868 4497 1016 4566 utriusque
1043 4512 1165 4551 errorem
1191 4495 1298 4566 primus
1322 4495 1442 4550 correxit

129 4579 258 4646 Meister,
283 4577 330 4632 hio
350 4577 465 4648 quidem
484 4577 546 4633 eoll.
563 4577 665 4633 thill.
680 4577 742 4632 uas.
757 4577 795 4631 ΠΙ
810 4583 844 4632 22
867 4574 953 4648 νόμος
970 4575 1047 4646 ἡμῖν,
1070 4577 1138 4647 ἔφη,
1160 4578 1226 4638 τοὺς
1243 4575 1442 4646 πρωτομοίστας

129 4667 180 4728 τῆς
196 4655 354 4728 ἱερουργίας
368 4657 517 4728 ἄρχεσθαι,
535 4656 653 4728 μαίεσθ’
670 4657 738 4714 ὅταν
752 4657 909 4726 ἄνθρωπον
923 4657 1081 4713 καταθύειν
1095 4655 1153 4730 δέῃ.
1184 4657 1239 4712 Sed
1255 4657 1342 4712 etiam
1356 4655 1442 4710 seori·

129 4739 225 4795 tioium
244 4741 357 4794 eentum
376 4755 512 4810 agnorum
531 4755 582 4808 pro
601 4737 659 4793 illis
677 4737 839 4794 faciendum
853 4737 943 4793 solum
960 4737 1120 4794 condicioni
1134 4753 1239 4803 eorum,
1257 4737 1306 4807 qui
1319 4736 1441 4806 primum

127 4819 288 4885 initiantur,
307 4819 377 4888 apta
394 4818 513 4874 videtur.

202 4901 247 4970 13)
276 4897 359 4954 aliter
376 4898 452 4954 enim
471 4899 612 4968 mysteriis
631 4898 685 4955 rite
702 4901 736 4954 ut
754 4899 853 4954 fierent
871 4898 1031 4969 prospicere
1045 4915 1102 4954 non
1117 4897 1284 4968 potuerunt,
1303 4895 1338 4950 οί.
1353 4895 1445 4952 etiam
1517 4955 1523 4966 ,

1175 4985 1227 5040 ta·
