3434 5464
257 361 322 426 278
776 361 890 417 Lusus
910 361 1050 417 SAORAE

310 527 362 591 καὶ
384 531 451 592 τῶν
474 525 626 606 ἀρχαίων,
651 527 702 590 καὶ
725 528 860 606 πρακτοὶ
883 527 1024 592 ἔστωσαν
1047 526 1096 592 ἀεὶ
1115 527 1147 593 οἱ
1166 526 1306 612 ἔ)χοντεε
1326 529 1378 593 καὶ
1396 529 1576 606 νεμόμενοι

310 635 351 698 τὰ
375 633 512 712 ἐνέχυρα
543 633 584 697 τὰ
616 633 810 712 ὑποκείμενα
839 631 843 720 Ι
872 637 923 711 τῆι
958 638 1034 699 θεῶι
1066 635 1118 699 καὶ
1150 633 1418 714 ἀναγεγραμμένα
1450 635 1488 700 ἐν
1521 639 1577 711 τῆι

311 743 415 820 φλιᾶι·
448 739 466 804 6
495 742 531 805 δὲ
556 739 560 822 Ι
586 743 686 819 δῆμοι
719 739 865 819 αἱρείεθω
894 739 943 805 ἀεὶ
971 740 1007 805 ἐν
1035 745 1104 805 ruit
1133 739 1346 820 ἀρχαιρετίαιε
1373 739 1577 826 ἐπιΙμηνίουε

257 861 291 910 oo
311 846 356 912 εἰε
380 848 535 927 Μητρῶια
558 846 679 926 ἄνδρα(
701 847 762 912 δύο
791 849 858 911 τῶν
881 850 1025 911 πολιτῶν
1042 847 1053 931 ΙΙ
1070 847 1188 926 τίμημα
1211 847 1347 926 ἔχοντα(
1370 849 1411 927 μὴ
1435 848 1577 912 ἔλαττον

311 957 463 1034 δραχμῶν
492 951 681 1038 διακοεὶΙαιν·
710 953 741 1020 οἱ
769 956 805 1018 δὲ
833 953 1024 1034 ὀφείλοντες
1051 955 1091 1018 τὰ
1115 955 1262 1034 χρήματα
1284 959 1335 1033 τῆι
1364 959 1440 1020 θεῶι
1463 954 1575 1038 κατα)-

312 1060 516 1140 βαλλέτωεαν
552 1061 629 1125 τοὺς
665 1062 782 1126 τόκου(
817 1062 895 1126 τοὺ(
932 1061 1122 1139 γινομένου(
1158 1065 1226 1127 τοῖς
1255 1061 1259 1144 Ι
1290 1061 1468 1142 ἐπιμηνίοιε
1500 1062 1575 1126 καθ’

311 1167 445 1233 ἕκαστον
469 1167 617 1232 ἐνιαυτὸν
641 1166 677 1233 ἐν
705 1173 762 1232 τῶι
786 1169 860 1246 μηνὶ
882 1170 940 1232 τῶι
961 1167 965 1251 Ι
986 1168 1143 1247 Πανήμωι
1168 1169 1218 1232 καὶ
1246 1168 1475 1248 ἀποτράγημα
1498 1189 1576 1233 ποι-

258 1290 293 1340 co
312 1275 446 1339 είτωεαν
464 1277 522 1352 τῆε
546 1271 782 1360 [ἀποδό]))εεωε
801 1274 853 1338 ἐπὶ
871 1275 948 1339 τοὺε
967 1274 1146 1340 ἐξεταστάς·
1171 1275 1228 1340 ἐὰν
1247 1275 1349 1340 δέτι(
1368 1279 1434 1339 τῶν
1454 1273 1575 1359 [operi-

312 1378 453 1465 λόνταιν]
478 1382 518 1459 μὴ
542 1379 658 1466 ἀποδῷ
682 1383 759 1446 rob<
782 1379 913 1464 τ[όκουε
940 1417 976 1427 --
1004 1418 1046 1426 -
1070 1417 1126 1446 -.

347 1545 487 1605 Decrevit
508 1547 582 1606 hoec
604 1545 621 1605 I
643 1547 678 1606 ut
699 1545 818 1604 videtur
841 1564 866 1603 u.
887 1545 954 1605 Chr.
973 1565 1001 1604 n.
1021 1539 1185 1628 saeculo¹¹)
1210 1542 1226 1606 6
1250 1544 1345 1622 δῆμος
1368 1542 1384 1606 6
1404 1545 1531 1622 Σαμίων
1556 1541 1576 1604 6

256 1652 404 1705 κατοικῶν
425 1641 458 1704 ἐν
481 1639 603 1727 Μινῴα,
627 1662 701 1719 quos
725 1643 842 1702 Seruios
864 1661 918 1702 nec
941 1644 1121 1720 peculiarem
1146 1642 1382 1721 rempublicam
1406 1647 1491 1702 extra
1513 1643 1576 1701 Mi-

257 1746 414 1802 noeturum
437 1742 590 1802 civitatem
613 1761 666 1801 nec
689 1744 807 1817 partem
829 1742 916 1801 huius
940 1742 1045 1818 populi
1064 1741 1202 1816 effecisse,
1226 1741 1277 1802 sed
1294 1743 1418 1801 remotis
1437 1739 1575 1817 antiquis

259 1840 373 1900 civibus
400 1842 482 1917 ipsos
509 1841 602 1899 fuisse
625 1839 772 1899 Minoetas
800 1839 883 1900 illius
912 1840 1019 1898 aetatis
1048 1841 1121 1900 satis
1152 1839 1370 1899 demonstravit
1396 1837 1575 1898 Delamarre

259 1938 326 1998 coll.
345 1940 392 1998 tit.
411 1936 492 1997 Ακκ.
511 1939 577 1997 dcll'
595 1940 662 1997 icet.
681 1938 760 1997 ανον.
778 1937 816 1995 R.
836 1939 888 2006 36,
900 1939 950 1996 96.

347 2036 481 2096 Pertinet
503 2035 654 2094 decretum
673 2035 712 2094 ed
729 2035 843 2094 cultum
861 2034 967 2094 Matris
986 2034 1108 2094 deorum
1127 2026 1168 2116 (ν.
1185 2035 1227 2094 54
1246 2035 1385 2116 Μητρῷον
1410 2037 1441 2093 et
1459 2035 1575 2110 possim

258 2142 293 2216 τῇ
316 2125 390 2217 θεῷ)
419 2152 453 2193 ac
480 2135 638 2211 praecipue
662 2132 700 2191 ed
723 2133 864 2210 pecunias
892 2135 955 2192 eius
979 2151 1078 2192 sacras
1106 2131 1367 2192 administrandas.
1413 2133 1479 2191 Iam
1502 2149 1574 2190 cum

258 2233 360 2291 eodem
386 2232 443 2292 hoc
465 2231 583 2291 decreto
605 2251 633 2292 v.
654 2232 766 2306 sosqq.
790 2229 827 2289 de
854 2248 963 2290 corona
990 2229 1189 2309 Hagesaretus
1212 2231 1413 2290 Aenesicrets's
1440 2231 1461 2288 f.
1484 2233 1573 2307 qnot-

259 2331 345 2390 annis
368 2328 592 2405 pronuntianda
615 2330 777 2404 sanciatur,
800 2347 859 2388 non
878 2327 992 2402 dubito,
1015 2329 1089 2405 quin
1108 2347 1143 2388 ea
1164 2330 1232 2405 ipsa
1249 2328 1391 2405 pecunias
1410 2328 1478 2387 illas
1497 2329 1573 2387 ciri-

258 2429 317 2487 tati
345 2419 557 2506 donaverunt,
584 2426 662 2485 unde
689 2425 795 2486 Matris
823 2426 953 2485 Deorum
981 2426 1073 2485 feriae
1105 2419 1409 2506 amplificsrentur.¹⁸)
1459 2425 1495 2484 In
1524 2425 1574 2484 his

259 2529 359 2585 autem
382 2527 548 2602 principem
570 2526 668 2584 locum
691 2525 821 2584 tenuisse
845 2525 947 2600 epulas
972 2542 1070 2584 sacras
1094 2527 1221 2601 apparat
1238 2542 1310 2584 voce
1332 2522 1574 2583 καθισιιάτωσαν

259 2617 301 2706 (ν,
322 2623 362 2682 15
388 2625 418 2682 et
442 2615 498 2704 46)
511 2615 564 2705 ¹⁴),
588 2642 679 2698 quem
702 2622 738 2680 de
761 2621 859 2682 usuris
883 2621 921 2680 ad
944 2620 1049 2698 dapes,
1077 2641 1153 2698 quae
1176 2622 1252 2682 festo
1275 2621 1322 2680 die
1346 2621 1379 2680 in
1406 2619 1573 2704 ἱστιατορίῳ

260 2715 311 2803 (cf.
335 2741 363 2780 n.
386 2722 447 2780 145
473 2740 500 2779 ν.
522 2713 577 2802 16)
601 2720 721 2795 fiebant,
744 2719 949 2796 impendendis
972 2718 1106 2778 Dittenb.
1130 2721 1242 2796 optime
1265 2718 1421 2778 intellexit.

348 2818 393 2877 De
416 2818 543 2895 singulis
565 2819 638 2878 haec
661 2817 780 2878 adnoto.
818 2815 893 2876 (lum
911 2817 980 2875 inde
999 2835 1017 2874 a
1035 2838 1063 2876 v.
1080 2818 1097 2876 6
1117 2819 1179 2876 iam
1197 2817 1233 2875 de
1252 2835 1354 2875 mensa
1372 2835 1457 2876 sacra
1475 2819 1574 2876 carni-

258 2907 361 2996 bus¹⁶)
385 2916 519 2975 ornanda
546 2916 595 2995 agi
624 2919 735 2976 certum
761 2917 814 2989 sit,
842 2914 877 2973 de
900 2914 1006 2975 hostiis
1030 2918 1060 2974 et
1083 2914 1290 2991 comparandis
1313 2916 1343 2972 et
1370 2913 1573 2974 sacrificandis

259 3017 292 3074 in
315 3016 400 3091 parte
423 3016 574 3090 superiore
597 3014 707 3090 lapidis
726 3013 823 3073 delete
842 3031 1006 3073 sermonem
1026 3013 1116 3073 fnisse
1136 3013 1279 3088 sequitur.
1316 3010 1398 3081 Quae
1416 3033 1444 3070 τ.
1460 3015 1479 3071 4
1499 3015 1530 3071 et
1551 3015 1572 3071 5

260 3112 296 3172 de
320 3132 350 3170 re
374 3112 548 3188 pecuniaria
571 3113 802 3187 interponuntur
825 3103 1086 3192 (ἔγδανεισ[άντων
1108 3111 1156 3171 vel
1184 3103 1324 3190 -θήιω])
1352 3113 1451 3171 nescio
1475 3130 1524 3170 an.
1537 3129 1574 3170 eo

260 3209 415 3269 referende
438 3209 511 3284 sint,
539 3211 574 3269 ut
601 3211 743 3286 epimenii
763 3210 796 3268 id
820 3209 899 3286 quod
925 3209 1032 3269 hostiis
1056 3211 1199 3284 coemptis
1224 3207 1428 3283 sacrificioque
1451 3213 1573 3285 peracto

261 3311 415 3385 supererat
436 3309 579 3383 pecuniae
601 3308 718 3368 ratione
741 3307 858 3366 reddite
877 3299 977 3389 ([μετὰ
997 3300 1180 3386 δεδω)κ]ε’ναι
1199 3297 1371 3387 τὸνλόγον)
1390 3309 1493 3366 statim
1512 3306 1575 3366 col-

334 3507 377 3574 11)
405 3503 518 3559 litterae
546 3504 676 3574 apicibus
700 3505 816 3559 ornatae
839 3505 905 3557 sunt
923 3503 969 3556 vix
993 3505 1088 3558 tamen
1111 3502 1245 3557 indicetis
1263 3519 1317 3558 nec
1334 3503 1395 3557 ulla
1416 3503 1514 3557 littera
1531 3504 1574 3556 in-

261 3584 371 3641 ferioris
391 3585 494 3639 aetatis
513 3584 602 3639 adest.

334 3667 378 3734 12)
406 3666 544 3734 quantum
557 3664 713 3731 donaverit,
731 3663 908 3718 hauddubie
922 3663 952 3716 in
966 3666 1047 3732 perte
1061 3663 1207 3717 marmoris
1222 3663 1335 3733 perdita
1349 3663 1486 3734 scriptum
1500 3665 1573 3728 erat;

261 3745 356 3799 nescio
371 3747 467 3799 autem
481 3760 517 3798 an
532 3744 711 3812 aliquetenus
725 3743 791 3798 huic
811 3745 912 3797 damno
928 3743 1060 3813 suppleat
1073 3745 1256 3813 praeceptum
1270 3760 1294 3797 v.
1306 3749 1348 3808 ob,
1368 3761 1424 3813 quo
1439 3743 1574 3814 epimenii

261 3821 366 3894 τίμημα
384 3825 421 3895 μὴ
440 3825 556 3881 ἔλασσον
574 3822 726 3880 διακοσίων
745 3828 877 3895 δραχμῶν
895 3822 998 3878 habere
1017 3823 1162 3888 iubentu13
1182 3823 1212 3876 id
1231 3823 1266 3877 de
1285 3823 1379 3878 redito
1396 3840 1499 3886 annuo,
1517 3840 1572 3878 non

262 3904 297 3960 de
316 3906 410 3974 capite
427 3905 469 3960 rei
487 3903 637 3959 familiaris
655 3907 731 3960 recte
750 3904 861 3973 accepit
874 3903 991 3970 Delum,
1011 3904 1078 3972 quia
1096 3902 1180 3958 aliter
1194 3919 1303 3957 summa
1321 3904 1397 3958 iusto
1411 3905 1504 3958 minor
1517 3906 1573 3970 est3

261 3985 385 4040 reditum
412 3988 508 4039 autam
535 3983 571 4038 ab
595 3984 651 4038 illis
675 3983 850 4054 postulatum
875 4000 944 4050 essa,
973 3983 1021 4053 qui
1040 3983 1132 4038 usuris
1150 3984 1289 4053 pecuniae
1307 3983 1430 4038 donatae
1452 3983 1513 4039 fere
1531 3999 1572 4038 re-

263 4064 422 4134 sponderet,
440 4065 499 4118 veri
518 4063 693 4119 simillimum
712 4069 762 4118 est.

336 4147 379 4214 16)
407 4161 492 4199 novas
511 4145 586 4198 enim
605 4148 666 4200 tum
685 4145 754 4198 deae
772 4144 918 4198 institutes
942 4160 1003 4198 essa
1022 4161 1085 4198 cnm
1105 4143 1169 4198 aliis
1188 4144 1224 4197 de
1243 4143 1335 4198 censis
1354 4143 1412 4198 veri
1435 4143 1572 4198 dissimile

263 4228 306 4279 est
324 4227 385 4278 tum
404 4223 515 4279 collatis
533 4225 578 4292 iis,
598 4241 670 4293 quae
688 4242 713 4278 v.
731 4229 763 4278 16
782 4224 818 4280 de
837 4223 1048 4278 condicionibus
1068 4224 1220 4278 sacerdotii
1238 4224 1375 4293 fungendi
1394 4223 1572 4293 praecipiun-

263 4307 318 4370 rur,
336 4321 408 4374 quoe
427 4306 486 4358 tam
504 4305 606 4376 exigua
625 4308 702 4372 sunt,
721 4307 828 4359 utnon
847 4305 882 4359 de
901 4304 1058 4358 sacerdotio
1076 4307 1138 4358 tum
1156 4303 1279 4373 primum
1301 4304 1445 4368 instituto,
1470 4303 1520 4358 sed
1538 4303 1572 4357 de

264 4384 476 4439 condicionibus
494 4385 680 4455 iampridem
698 4385 824 4439 instituti
842 4385 947 4454 partim
966 4383 1110 4439 mutandis
1128 4383 1177 4454 agi
1195 4383 1313 4439 eluceat

337 4468 380 4533 14)
408 4465 528 4520 mutavit
556 4481 623 4520 sane
650 4464 755 4535 lepidis
782 4465 933 4519 lectionem
956 4464 1061 4519 Delam.
1087 4465 1273 4534 scripsitquee
1300 4463 1573 4536 καθισσ<ι)άτσσαν

263 4544 395 4614 idemque
409 4563 433 4600 v.
448 4551 482 4600 46
499 4545 653 4615 supplevit;
674 4549 704 4600 at
717 4545 795 4600 Dttb.
812 4548 841 4600 et
858 4545 942 4600 verbo
961 4543 1134 4600 καθιστάναι
1152 4545 1182 4598 in
1201 4543 1254 4600 hoc
1272 4544 1387 4614 negotio
1405 4543 1500 4598 locum
1514 4559 1572 4598 esse

263 4623 324 4678 iure
342 4624 457 4695 negarit
476 4628 505 4680 et
521 4643 546 4678 ν.
562 4632 597 4680 46
615 4624 871 4698 καθισ[τ])άτσισαν
890 4625 934 4681 vel
953 4625 1016 4680 ideo
1036 4624 1194 4694 displicere,
1214 4624 1281 4694 qnia
1296 4623 1400 4695 reliqui
1413 4623 1571 4694 inscriptio·

264 4706 308 4760 nis
327 4721 423 4760 versus
442 4722 538 4760 omnes
556 4705 591 4760 ab
610 4706 727 4776 integris
747 4705 864 4775 syllabis
884 4705 1051 4776 inciperent,
1069 4705 1227 4760 rectissime
1246 4705 1411 4760 observavit.

337 4787 381 4855 15)
409 4784 444 4838 de
462 4783 567 4856 linguis
587 4785 621 4840 cf.
638 4787 674 4838 ad
695 4791 745 4839 113
759 4804 787 4855 p.
803 4791 867 4852 ²9⁷3
887 4787 922 4840 de
941 4801 1008 4840 voce
1027 4785 1134 4852 σάρκας
1151 4793 1225 4851 τρεῖς
1244 4785 1399 4839 cf.n.10B
1418 4802 1443 4838 v.
1456 4787 1570 4850 ltextr.¹

264 4884 291 4920 n.
307 4871 341 4920 26
360 4883 384 4918 r.
404 4870 430 4932 4,
448 4865 499 4920 10
515 4865 597 4920 xus
616 4884 643 4919 n.
658 4871 711 4921 498
730 4883 754 4920 v.
772 4872 804 4920 14
824 4863 912 4923 δίδον
931 4868 1006 4939 αὐτῷ
1027 4897 1063 4906 --
1085 4898 1121 4906 -
1140 4865 1231 4933 σάρκα
1249 4873 1441 4935 κενταμναῑον
1459 4865 1517 4920 ἀπὸ
1535 4871 1570 4919 τῶ

265 4945 332 5017 βοὸς
348 4953 385 4999 τῶ
404 4945 543 5015 θναμένοι.
