3450 5458
252 269 314 334 152
768 267 883 325 LEGES
903 269 1042 324 SACRAE

249 443 310 522 θεῷ
329 437 362 499 τὸ
385 443 523 516 καθῆκον
546 441 604 498 κτλ.
628 440 725 515 pn'mo
749 439 785 498 de
808 440 860 514 iis,
888 457 964 516 quae
988 439 1042 499 deo
1066 440 1097 498 in
1122 457 1174 499 eru
1197 443 1362 516 ponuntur,
1389 457 1475 498 nemo
1498 457 1558 498 non

248 535 410 615 intelleget.
457 537 570 596 Tamen
598 528 771 618 sungelfl)
802 557 835 596 re
866 556 939 598 vcra
970 537 1154 598 sacerdotem
1181 537 1348 610 Xanthum,
1379 555 1439 596 non
1470 535 1560 596 deum

249 635 347 714 Μῆνα
370 634 429 693 dici
452 633 600 694 iudicavit
622 635 713 695 verba
736 637 779 695 sic
800 637 1016 712 interpretans:
1045 632 1116 695 ‘Dic
1139 633 1308 711 Opfcmdcu
1334 636 1427 696 haten
1448 653 1486 694 νυ
1508 635 1560 694 lie·

247 733 315 804 feru
337 750 374 792 ιν
395 732 527 792 &muers
550 733 601 792 des
618 728 817 809 Heilipluene’,
839 752 899 794 non
923 733 986 794 sine
1010 751 1112 809 causa3
1136 752 1231 810 neque
1254 735 1334 792 enim
1356 733 1453 794 solum
1471 731 1562 809 pellis

249 832 280 888 et
302 831 407 905 femur,
431 830 482 890 sed
505 829 597 890 etiam
621 834 712 906 caput
730 832 761 890 et
778 831 867 908 pedes
891 832 922 890 in
941 832 1083 908 sportulis
1102 831 1289 894 sacerdotum
1306 823 1560 910 inveniuntnr¹⁸);

248 928 365 1003 reliqua
389 933 489 987 autem
507 927 570 1002 illa,
594 929 701 1002 oleum,
719 929 849 1004 lucerne,
872 929 961 1014 faces,
979 931 1091 1004 vinum,
1110 930 1148 989 ad
1168 928 1394 990 sacrificandum
1412 927 1560 988 sacerdoti

249 1026 416 1086 necessaria
438 1029 533 1100 erant,
557 1045 633 1103 quae
657 1025 730 1086 alibi
753 1046 825 1086 voce
849 1025 912 1106 ἱεροί
940 1019 1286 1107 comprehenduntur.¹⁹)
1332 1025 1457 1086 Accedit
1480 1025 1562 1102 quod

252 1123 340 1183 aliter
371 1124 453 1183 nullo
485 1123 550 1184 loco
577 1125 714 1184 Xanthus
742 1125 778 1184 de
806 1128 867 1184 suis
900 1126 1043 1202 sportulis
1076 1127 1169 1200 cavit,
1201 1143 1269 1184 cum
1296 1125 1467 1201 ceteroquin
1495 1127 1563 1183 tam

250 1223 337 1281 anxie
365 1221 544 1297 providerit,
577 1241 613 1280 ne
642 1223 711 1298 quis
739 1223 797 1283 sibi
824 1223 985 1300 quicquam
1012 1223 1194 1298 detraheret,
1227 1224 1264 1282 cl.
1291 1226 1411 1300 praeter
1438 1242 1466 1281 v.
1487 1224 1560 1297 lsq.

250 1321 340 1379 ctiam
365 1339 391 1380 s.
414 1321 542 1379 12-17
573 1317 626 1380 ἐὰν
649 1316 682 1381 δέ
704 1341 770 1380 τινα
792 1317 972 1402 ἀνθρώπινα
994 1319 1091 1405 πάσχῃ
1115 1318 1135 1400 ἢ
1158 1318 1312 1405 ἀσθενήσῃ
1336 1317 1355 1399 ἢ
1379 1316 1561 1402 ἀποδημήση

249 1437 319 1494 που,
352 1409 470 1494 μηθένα
502 1413 673 1498 ἀνθρώπων
700 1415 838 1491 ἐξουσίαν
865 1417 940 1498 ἔχειν
952 1411 991 1501 ¹⁰)
1019 1423 1076 1479 κτί.
1127 1419 1218 1478 Recte
1250 1419 1344 1497 igitur
1376 1415 1561 1496 stengelium

249 1513 396 1575 indicasse
420 1518 493 1590 puto
517 1535 618 1575 vocem
642 1517 726 1576 illam
749 1521 787 1600 τῷ
812 1521 873 1600 θεῷ
898 1514 1034 1597 παρέχειν
1057 1518 1166 1578 latiore
1192 1519 1224 1576 vi
1252 1517 1348 1594 accipi
1371 1515 1477 1576 debere
1500 1533 1560 1574 ser·

249 1633 380 1689 sumque
404 1613 546 1673 callidum
569 1631 624 1673 sus
648 1615 803 1674 commoda
825 1609 962 1675 sollerter
985 1615 1033 1676 dei
1055 1616 1175 1675 nomine
1198 1616 1314 1676 texisse.

338 1711 375 1770 V.
393 1711 432 1770 18
462 1709 497 1770 τὰ
520 1707 551 1772 δὲ
575 1709 663 1772 λοιπὰ
685 1705 931 1796 κατακοπτὲ(τ)ωι
955 1711 1035 1794 ίερῶι
1057 1713 1089 1772 in
1112 1713 1212 1791 lapide
1235 1716 1314 1788 suut,
1337 1731 1413 1790 quae
1437 1711 1565 1770 retinuit

250 1809 381 1869 Foucnrt
408 1813 438 1868 et
465 1812 680 1887 interpretatus
708 1814 754 1870 est
782 1806 825 1871 ‘le
846 1816 919 1872 recle
943 1811 1012 1870 dicit
1033 1829 1114 1886 pour
1141 1813 1167 1870 lc
1194 1807 1320 1886 tcmplc’.
1366 1811 1408 1870 At
1435 1812 1479 1869 ita
1507 1829 1563 1869 nec

250 1907 374 1967 verbum
394 1905 587 1968 κατακόπτειν
603 1908 679 1968 bene
698 1913 760 1968 stst
777 1927 830 1968 nec
850 1910 994 1970 articulus
1013 1908 1114 1969 deesse
1132 1912 1241 1986 potest,
1263 1913 1344 1968 recte
1362 1910 1459 1986 igitur
1475 1906 1561 1967 Dttb.

251 2024 379 2065 errorem
402 2005 550 2082 lapicidae
574 2009 710 2066 statuens
734 2002 991 2086 κατακοπτέτω<ι>
1014 1999 1062 2086 (ἐν
1084 1999 1150 2088 τῶν)
1174 2007 1255 2087 ἱερῶν
1284 2009 1405 2083 scripsit
1428 2009 1564 2065 streete

251 2103 379 2163 contulit
402 2103 529 2162 aliarum
552 2103 653 2182 legum
676 2108 868 2181 praeceptum
890 2113 949 2165 τῶν
973 2100 1005 2164 δὲ
1028 2113 1123 2185 κρεῶν
1146 2103 1187 2183 μὴ
1210 2102 1356 2185 φέρεσθαι
1378 2105 1426 2163 vel
1449 2087 1565 2164 similia

251 2219 286 2260 ao
308 2201 454 2260 fastcmm
478 2201 684 2278 Myconiorum
708 2202 883 2262 δαινύσθων
906 2200 1000 2264 αὐτοῦ
1018 2195 1121 2283 (Prott
1137 2203 1224 2262 Fasti
1243 2206 1263 2261 4
1286 2222 1314 2260 v.
1333 2203 1374 2262 26
1394 2206 1425 2262 et
1445 2193 1563 2283 28121)

250 2298 286 2356 V.
309 2302 348 2359 19
374 2302 404 2358 ct
428 2301 470 2361 20
501 2299 560 2359 nisi
587 2302 732 2360 maiorem
760 2303 905 2361 cretionis
933 2301 1050 2360 hiatum
1079 2301 1269 2379 neglegentia
1290 2299 1439 2376 lapicidae
1462 2303 1562 2360 ortum

251 2401 384 2456 statuere
411 2397 499 2473 velis,
527 2403 597 2476 post
623 2397 651 2458 εἰ
677 2397 710 2459 δέ
736 2421 779 2470 τις
802 2396 963 2478 προσφέρει
984 2399 1098 2458 θυσίαν
1125 2403 1164 2482 τῷ
1183 2403 1245 2481 θεῷ
1265 2397 1508 2476 distinguendum
1531 2400 1566 2456 et

252 2495 389 2572 deinceps
409 2496 447 2556 ad
466 2497 608 2573 temporis
627 2496 830 2557 definitionem
848 2495 881 2576 ἐγ
897 2496 1062 2575 νουμηνίας
1081 2493 1163 2578 μέχρι
1183 2494 1443 2578 πεντεκαιδεκάτης
1461 2495 1563 2554 animo

250 2593 374 2653 verbnm
391 2591 581 2672 προσφερίτω
600 2594 798 2671 supplendum
820 2600 874 2654 est.
911 2595 946 2654 Id
970 2595 1051 2670 quod
1073 2613 1176 2672 perse
1199 2595 1287 2654 focile
1312 2597 1357 2653 cst
1375 2587 1427 2674 (cf.
1446 2613 1472 2652 v.
1489 2585 1564 2675 21);

252 2690 343 2751 etiam
365 2694 519 2769 praecepti
542 2693 624 2768 quod
646 2693 690 2752 ita
713 2694 817 2752 existit
839 2695 917 2754 ratio
941 2694 989 2753 sat
1011 2693 1164 2753 commode
1181 2693 1378 2772 intellegitur,
1396 2693 1422 2750 si
1441 2691 1562 2767 quidem

252 2786 342 2866 Μηνὶ
369 2788 511 2872 Τυράννῳ
535 2791 632 2850 solum
656 2809 709 2867 per
732 2793 890 2852 crescentis
920 2791 1008 2850 lunae
1032 2792 1164 2868 spatium
1187 2789 1349 2850 sacrificari
1372 2790 1417 2848 fas
1440 2807 1503 2848 esse
1527 2807 1562 2848 ex

253 2888 348 2963 ipsius
377 2887 426 2946 dci
452 2891 563 2947 natura
590 2888 734 2964 explicari
759 2881 913 2970 potest.²¹)
959 2888 1155 2949 Desideratus
1183 2891 1284 2948 tamen
1312 2887 1565 2964 praeceptumde

253 2984 391 3044 carnibus
411 2987 564 3062 victimae3
588 2987 952 3063 supraenimv.16sqq.
972 2987 1156 3047 solummodo
1176 2986 1212 3045 de
1232 2985 1375 3046 sacrificio
1394 2992 1429 3068 τῇ
1448 2981 1564 3066 ἑβδόμη

253 3081 355 3142 oblato
378 3101 474 3142 sermo
498 3087 572 3159 erat,
595 3084 643 3142 cui
665 3086 726 3143 iam
749 3105 777 3144 v.
799 3087 888 3160 19sq.
913 3083 1091 3144 sacrificium
1113 3081 1146 3164 ἐγ
1169 3105 1254 3162 νουμ.
1274 3081 1356 3162 μίχρι
1378 3081 1560 3142 πεντεκαιδε-

253 3179 345 3258 κάτης
373 3181 507 3241 oblatum
535 3184 647 3258 opponi
674 3202 732 3242 non
760 3186 870 3243 temere
900 3183 1048 3259 quispiam
1077 3181 1239 3260 collegerit.
1282 3181 1393 3257 Itaque
1415 3180 1494 3238 huuc
1518 3179 1561 3238 lo-

253 3298 319 3339 cum
344 3298 362 3338 a
385 3279 515 3356 lapicida
538 3281 689 3357 integrum
713 3283 869 3340 exaratum
892 3299 1037 3341 essenon
1060 3280 1199 3357 spondeo.

332 3385 369 3444 V.
377 3388 419 3446 20
428 3387 613 3446 lectisternia
622 3387 653 3445 in
664 3387 747 3447 cultu
758 3385 869 3464 Μηνὸς
880 3386 1035 3466 Τυράννου
1045 3387 1135 3447 solita
1144 3386 1285 3446 videntur
1293 3386 1393 3459 fuisse,
1408 3385 1433 3444 si
1444 3383 1564 3461 quidem

253 3485 356 3542 iamin
365 3484 460 3544 tribus
471 3485 650 3563 anaglyphis
662 3487 772 3546 votivis
785 3485 872 3544 huius
887 3484 935 3544 dei
949 3482 1073 3564 τραπέζα
1084 3505 1149 3545 cum
1166 3485 1252 3544 donis
1266 3483 1358 3546 sacris
1373 3473 1566 3562 apparuit.²⁸)

257 3615 470 3641 ...A-..-

326 3736 370 3803 17)
399 3733 466 3788 clim
489 3734 596 3804 Ουασοί.
612 3734 733 3802 Sacrific.
748 3753 776 3805 p.
791 3740 824 3788 19
844 3736 874 3788 et
891 3735 1051 3804 nuperrime
1070 3735 1185 3790 Ηιιικιι
1202 3733 1317 3788 XXXVI
1335 3752 1363 3803 p.
1378 3739 1478 3801 831sq.

326 3816 371 3883 18)
399 3831 426 3868 n.
443 3819 493 3868 188
513 3813 736 3884 (Halicarnasi),
753 3833 780 3868 n.
796 3819 847 3867 1sn
867 3813 953 3884 (Iasi),
970 3832 998 3868 u.
1014 3819 1066 3868 180
1085 3814 1212 3885 (Cariae).

327 3896 371 3962 19)
398 3911 422 3948 ν.
442 3913 469 3964 p.
485 3899 531 3960 663
556 3897 679 3948 ceterum
702 3893 773 3948 haec
790 3893 905 3948 meliore
924 3895 985 3950 iure
1007 3899 1045 3968 τῷ
1063 3898 1122 3968 θεῷ
1137 3892 1270 3966 παρέχειν
1289 3892 1384 3948 iubere
1402 3891 1507 3962 potuit:
1527 3889 1563 3944 cf.

255 3973 614 4044 Fast.Coor.(Prottn.1,
638 3973 721 4046 spu!
739 3977 802 4044 818)
821 3991 844 4028 v.
861 3981 893 4029 11
917 3982 967 4029 τῶι
991 3972 1022 4030 el
1046 3976 1130 4046 [dende
1153 3974 1227 4046 usse
1246 3972 1357 4031 δίδοται
1377 3976 1482 4040 spedus
1500 3968 1564 4038 τρία

254 4051 394 4124 ἡμίὸιμνα
414 4085 447 4096 -
466 4086 502 4095 -
521 4087 553 4094 -
573 4057 622 4109 καί
640 4053 820 4126 ogeyum
838 4054 931 4126 ἄχθος
952 4055 1002 4109 καί
1020 4052 1123 4120 sotim
1141 4055 1233 4124 ἄχθος
1255 4056 1304 4110 καί
1322 4051 1402 4108 οίνον
1419 4048 1483 4118 τρία
1503 4047 1565 4120 ppl-

255 4154 317 4205 ηοα,
335 4133 384 4188 ubi
404 4150 471 4189 esne
489 4134 681 4189 Paion-Hiclss
699 4153 725 4189 n.
741 4141 775 4189 89
799 4139 829 4189 et
846 4134 963 4190 Bechtcl
982 4135 1082 4190 SGDI
1097 4140 1167 4190 8888
1190 4133 1267 4203 leons
1288 4132 1499 4203 suppleverunt3
1527 4129 1564 4184 cf.

254 4231 329 4268 nunc
348 4213 382 4268 dc
402 4231 436 4268 ea
453 4231 483 4270 re
503 4215 618 4286 Stengel
638 4215 825 4270 Hortensio.
844 4233 872 4285 p.
887 4221 948 4269 882.

327 4297 372 4364 20)
400 4293 498 4350 cadem
521 4311 587 4350 voce
610 4299 728 4350 utsmtrsr
747 4295 904 4366 Gythenses
928 4295 999 4350 duos
1016 4295 1158 4350 Romnum
1182 4294 1338 4350 sacerdotio
1357 4291 1496 4362 Apollinis
1515 4290 1564 4344 do·

256 4375 356 4428 nantes
375 4381 451 4430 1188
470 4394 494 4429 v.
510 4381 557 4430 29:
577 4377 650 4446 ἔχειν
669 4377 772 4438 αὐτοὺς
790 4375 843 4430 τάν
862 4373 992 4441 ἐξουσίαν
1006 4383 1056 4431 τοῦ
1074 4395 1103 4430 τε
1122 4374 1199 4442 ἱεροῦ
1218 4375 1267 4430 καί
1284 4383 1334 4430 τοῦ
1352 4377 1424 4428 θεοῦ
1442 4373 1490 4426 καὶ
1508 4379 1565 4425 τῶν

257 4453 313 4508 ἀπὸ
327 4461 377 4510 τοῦ
393 4453 469 4522 ίιροῦ
483 4455 606 4524 πάντων,
625 4473 698 4526 quae
712 4456 771 4510 ism
785 4456 868 4510 Fouc.
879 4457 915 4510 ad
930 4455 1042 4511 chasii
1055 4454 1139 4510 Inscr.
1152 4461 1202 4509 248
1217 4473 1281 4509 cum
1294 4455 1347 4509 hoc
1360 4452 1422 4507 loco
1437 4451 1563 4506 contulit.

329 4537 373 4602 21)
401 4533 589 4592 κατακόπτειν
607 4536 696 4607 igitur
714 4536 761 4592 hic
780 4535 856 4591 idem
874 4536 933 4590 fere
952 4536 1027 4590 valet
1044 4539 1130 4604 atque
1148 4533 1311 4590 declinasse
1325 4533 1370 4603 (cf.
1386 4537 1474 4588 11185
1493 4550 1516 4584 v.
1530 4535 1567 4600 ἵ),

258 4613 293 4666 de
313 4629 368 4680 quo
386 4614 471 4668 verbo
489 4619 565 4670 recte
585 4617 719 4672 disseruit
737 4617 854 4688 Stengel
873 4618 987 4672 Ηιινκιο
1004 4615 1120 4670 XXXIX
1138 4634 1164 4686 p.
1180 4621 1240 4670 616.
1349 4645 1355 4656 ·

329 4697 374 4762 22)
402 4693 437 4748 cf.
457 4695 545 4750 etiam
563 4695 687 4752 Roscher
705 4699 845 4754 Achaeoi.
866 4698 892 4751 d.
906 4697 999 4753 sule.
1016 4697 1156 4752 Gcaellacls.
1172 4695 1198 4749 d.
1215 4697 1295 4752 Wise.
1314 4693 1402 4748 XXIV
1412 4700 1465 4746 n.1
1484 4696 1563 4761 pii.

331 4775 376 4842 23)
399 4774 454 4828 vid.
470 4775 499 4829 P.
510 4775 633 4830 Wolters
651 4779 787 4834 Festschr.
802 4782 823 4846 f.
838 4777 970 4844 Beudorf
983 4795 1010 4846 p.
1027 4781 1176 4842 leo-128,
1196 4777 1246 4846 qni
1264 4776 1322 4830 iam
1336 4775 1372 4830 ad
1390 4773 1473 4828 huius
1487 4770 1565 4826 tituli

258 4853 342 4906 sorba
360 4856 530 4925 provocavit,
550 4861 578 4910 et
596 4857 739 4913 Pcrdrizet
758 4859 845 4914 ΒΘΗ
858 4857 907 4911 XX
924 4859 1014 4927 (1886)
1033 4875 1060 4927 p.
1076 4861 1108 4911 81
1117 4875 1176 4927 sqq.
1196 4874 1260 4911 cum
1278 4855 1335 4911 tab.
1351 4861 1385 4909 14
1403 4857 1433 4908 ct
1452 4859 1492 4906 1o.
