<?xml version="1.0" encoding="UTF-8"?>
<!DOCTYPE html PUBLIC "-//W3C//DTD XHTML 1.0 Transitional//EN"
    "http://www.w3.org/TR/xhtml1/DTD/xhtml1-transitional.dtd">
<html xmlns="http://www.w3.org/1999/xhtml" xml:lang="en" lang="en">
 <head>
  <title>
</title>
<meta http-equiv="Content-Type" content="text/html;charset=utf-8" />
  <meta name='ocr-system' content='tesseract 3.04.00' />
  <meta name='ocr-capabilities' content='ocr_page ocr_carea ocr_par ocr_line ocrx_word'/>
</head>
<body>
  <div class='ocr_page' id='page_1' title='image "./legesgraecorums00ziehgoog_0251.png"; bbox 0 0 3424 5462; ppageno 0'>
   <div class='ocr_carea' id='block_1_1' title="bbox 234 311 1024 377">
    <p class='ocr_par' dir='ltr' id='par_1_1' title="bbox 234 311 1024 377">
     <span class='ocr_line' id='line_1_1' title="bbox 234 311 1024 377; baseline -0.009 -3"><span class='ocrx_word' id='word_1_1' title='bbox 234 311 299 377; x_wconf 80' lang='grc'><strong>238</strong></span> <span class='ocrx_word' id='word_1_2' title='bbox 751 311 866 368; x_wconf 79' lang='lat' dir='ltr'>LEGES</span> <span class='ocrx_word' id='word_1_3' title='bbox 884 311 1024 370; x_wconf 81' lang='lat' dir='ltr'><strong>SAGRAE</strong></span> 
     </span>
    </p>
   </div>
   <div class='ocr_carea' id='block_1_2' title="bbox 199 475 1549 1202">
    <p class='ocr_par' dir='ltr' id='par_1_2' title="bbox 234 475 1547 561">
     <span class='ocr_line' id='line_1_2' title="bbox 234 475 1547 561; baseline 0.002 -21"><span class='ocrx_word' id='word_1_4' title='bbox 234 497 340 552; x_wconf 85' lang='grc' dir='ltr'>κοντα,</span> <span class='ocrx_word' id='word_1_5' title='bbox 374 475 403 541; x_wconf 83' lang='grc' dir='ltr'><strong>εἴ</strong></span> <span class='ocrx_word' id='word_1_6' title='bbox 432 476 461 541; x_wconf 94' lang='grc' dir='ltr'><strong>τί</strong></span> <span class='ocrx_word' id='word_1_7' title='bbox 484 497 524 541; x_wconf 91' lang='grc' dir='ltr'><strong>κα</strong></span> <span class='ocrx_word' id='word_1_8' title='bbox 547 476 632 561; x_wconf 87' lang='grc' dir='ltr'>πάθῃ</span> <span class='ocrx_word' id='word_1_9' title='bbox 654 476 658 560; x_wconf 92' lang='grc' dir='ltr'>Ι</span> <span class='ocrx_word' id='word_1_10' title='bbox 680 475 893 554; x_wconf 86' lang='grc' dir='ltr'>Ἀλκέςιππος,</span> <span class='ocrx_word' id='word_1_11' title='bbox 922 477 1003 544; x_wconf 86' lang='grc' dir='ltr'>ῶςτε</span> <span class='ocrx_word' id='word_1_12' title='bbox 1026 478 1135 544; x_wconf 78' lang='grc' dir='ltr'>θυείαν</span> <span class='ocrx_word' id='word_1_13' title='bbox 1159 479 1210 544; x_wconf 87' lang='grc' dir='ltr'><strong>καὶ</strong></span> <span class='ocrx_word' id='word_1_14' title='bbox 1238 480 1445 557; x_wconf 87' lang='grc' dir='ltr'>δαμοθοινίαν</span> <span class='ocrx_word' id='word_1_15' title='bbox 1470 500 1547 544; x_wconf 90' lang='grc' dir='ltr'>ςυν-</span> 
     </span>
    </p>

    <p class='ocr_par' dir='ltr' id='par_1_3' title="bbox 199 583 1549 1202">
     <span class='ocr_line' id='line_1_3' title="bbox 199 583 1548 668; baseline 0.002 -20"><span class='ocrx_word' id='word_1_16' title='bbox 199 599 214 648; x_wconf 84' lang='grc' dir='ltr'>ο</span> <span class='ocrx_word' id='word_1_17' title='bbox 234 587 338 649; x_wconf 87' lang='grc' dir='ltr'>τελεῖν</span> <span class='ocrx_word' id='word_1_18' title='bbox 362 583 422 648; x_wconf 86' lang='grc' dir='ltr'><strong>τὰν</strong></span> <span class='ocrx_word' id='word_1_19' title='bbox 445 585 541 649; x_wconf 91' lang='grc' dir='ltr'>πόλιν</span> <span class='ocrx_word' id='word_1_20' title='bbox 564 588 631 649; x_wconf 94' lang='grc' dir='ltr'><strong>τῶν</strong></span> <span class='ocrx_word' id='word_1_21' title='bbox 650 586 795 664; x_wconf 87' lang='grc' dir='ltr'>Δελφῶν</span> <span class='ocrx_word' id='word_1_22' title='bbox 812 584 823 668; x_wconf 78' lang='grc'><strong>1)</strong></span> <span class='ocrx_word' id='word_1_23' title='bbox 840 589 897 649; x_wconf 88' lang='grc' dir='ltr'><strong>τῶι</strong></span> <span class='ocrx_word' id='word_1_24' title='bbox 920 584 1101 650; x_wconf 90' lang='grc' dir='ltr'>Ἀπόλλωνι</span> <span class='ocrx_word' id='word_1_25' title='bbox 1121 589 1180 650; x_wconf 92' lang='grc' dir='ltr'><strong>τῶι</strong></span> <span class='ocrx_word' id='word_1_26' title='bbox 1198 584 1322 650; x_wconf 89' lang='grc' dir='ltr'>Πυθίωι</span> <span class='ocrx_word' id='word_1_27' title='bbox 1345 585 1413 650; x_wconf 83' lang='grc' dir='ltr'>κατ’</span> <span class='ocrx_word' id='word_1_28' title='bbox 1437 586 1548 651; x_wconf 86' lang='grc' dir='ltr'>ἐνιαυ·</span> 
     </span>
     <span class='ocr_line' id='line_1_4' title="bbox 234 689 1548 776; baseline 0.002 -21"><span class='ocrx_word' id='word_1_29' title='bbox 234 691 292 755; x_wconf 91' lang='grc' dir='ltr'><strong>τὸν</strong></span> <span class='ocrx_word' id='word_1_30' title='bbox 315 689 601 771; x_wconf 83' lang='grc' dir='ltr'>ποτονομάζοντας</span> <span class='ocrx_word' id='word_1_31' title='bbox 623 691 843 757; x_wconf 83' lang='grc' dir='ltr'>Ἀλκεςίππεια</span> <span class='ocrx_word' id='word_1_32' title='bbox 867 691 932 757; x_wconf 82' lang='grc' dir='ltr'><strong>ἀπὸ</strong></span> <span class='ocrx_word' id='word_1_33' title='bbox 952 693 957 776; x_wconf 85' lang='grc' dir='ltr'>Ι</span> <span class='ocrx_word' id='word_1_34' title='bbox 978 695 1044 756; x_wconf 95' lang='grc' dir='ltr'><strong>τῶν</strong></span> <span class='ocrx_word' id='word_1_35' title='bbox 1067 692 1173 756; x_wconf 90' lang='grc' dir='ltr'>τόκων</span> <span class='ocrx_word' id='word_1_36' title='bbox 1196 695 1255 757; x_wconf 83' lang='grc' dir='ltr'><strong>τοῦ</strong></span> <span class='ocrx_word' id='word_1_37' title='bbox 1278 712 1313 757; x_wconf 93' lang='grc' dir='ltr'><strong>τε</strong></span> <span class='ocrx_word' id='word_1_38' title='bbox 1337 694 1466 773; x_wconf 89' lang='grc' dir='ltr'>χρυςίου</span> <span class='ocrx_word' id='word_1_39' title='bbox 1491 696 1548 758; x_wconf 88' lang='grc' dir='ltr'><strong>καὶ</strong></span> 
     </span>
     <span class='ocr_line' id='line_1_5' title="bbox 235 795 1546 884; baseline 0.002 -22"><span class='ocrx_word' id='word_1_40' title='bbox 235 797 398 877; x_wconf 82' lang='grc' dir='ltr'>ἀργυρίου,</span> <span class='ocrx_word' id='word_1_41' title='bbox 422 801 584 863; x_wconf 89' lang='grc' dir='ltr'>ςυντελεῑν</span> <span class='ocrx_word' id='word_1_42' title='bbox 608 799 644 863; x_wconf 85' lang='grc' dir='ltr'><strong>δὲ</strong></span> <span class='ocrx_word' id='word_1_43' title='bbox 667 798 727 863; x_wconf 91' lang='grc' dir='ltr'><strong>τάν</strong></span> <span class='ocrx_word' id='word_1_44' title='bbox 751 799 860 863; x_wconf 90' lang='grc' dir='ltr'>θυςίαν</span> <span class='ocrx_word' id='word_1_45' title='bbox 884 799 920 863; x_wconf 83' lang='grc' dir='ltr'><strong>ἐν</strong></span> <span class='ocrx_word' id='word_1_46' title='bbox 942 803 1000 863; x_wconf 86' lang='grc' dir='ltr'><strong>τῶι</strong></span> <span class='ocrx_word' id='word_1_47' title='bbox 1021 798 1152 877; x_wconf 74' lang='grc' dir='ltr'>Ἡραίων</span> <span class='ocrx_word' id='word_1_48' title='bbox 1172 795 1177 884; x_wconf 89' lang='grc'>1</span> <span class='ocrx_word' id='word_1_49' title='bbox 1198 799 1283 878; x_wconf 85' lang='grc' dir='ltr'>μηνί,</span> <span class='ocrx_word' id='word_1_50' title='bbox 1307 799 1482 865; x_wconf 86' lang='grc' dir='ltr'>πονπειίειν</span> <span class='ocrx_word' id='word_1_51' title='bbox 1508 802 1546 865; x_wconf 82' lang='grc' dir='ltr'><strong>δὲ</strong></span> 
     </span>
     <span class='ocr_line' id='line_1_6' title="bbox 235 901 1549 990; baseline 0.003 -22"><span class='ocrx_word' id='word_1_52' title='bbox 235 904 269 969; x_wconf 84' lang='grc' dir='ltr'><strong>ἐκ</strong></span> <span class='ocrx_word' id='word_1_53' title='bbox 299 907 356 969; x_wconf 87' lang='grc' dir='ltr'><strong>τάς</strong></span> <span class='ocrx_word' id='word_1_54' title='bbox 380 904 488 970; x_wconf 88' lang='grc' dir='ltr'>ἅλωος</span> <span class='ocrx_word' id='word_1_55' title='bbox 510 905 587 969; x_wconf 87' lang='grc' dir='ltr'>τοὺς</span> <span class='ocrx_word' id='word_1_56' title='bbox 614 904 709 983; x_wconf 88' lang='grc' dir='ltr'>ἱερεῖς</span> <span class='ocrx_word' id='word_1_57' title='bbox 736 908 795 969; x_wconf 83' lang='grc' dir='ltr'><strong>τοῦ</strong></span> <span class='ocrx_word' id='word_1_58' title='bbox 818 904 1025 971; x_wconf 84' lang='grc' dir='ltr'>Ἀπόλλωνος</span> <span class='ocrx_word' id='word_1_59' title='bbox 1048 908 1099 969; x_wconf 89' lang='grc' dir='ltr'><strong>καὶ</strong></span> <span class='ocrx_word' id='word_1_60' title='bbox 1122 907 1180 970; x_wconf 89' lang='grc' dir='ltr'><strong>τὸν</strong></span> <span class='ocrx_word' id='word_1_61' title='bbox 1204 903 1347 985; x_wconf 81' lang='grc' dir='ltr'>ἄρχοντα</span> <span class='ocrx_word' id='word_1_62' title='bbox 1366 901 1371 990; x_wconf 87' lang='grc' dir='ltr'>Ι</span> <span class='ocrx_word' id='word_1_63' title='bbox 1391 907 1443 971; x_wconf 85' lang='grc' dir='ltr'><strong>καὶ</strong></span> <span class='ocrx_word' id='word_1_64' title='bbox 1466 908 1549 972; x_wconf 83' lang='grc' dir='ltr'>τοὺς</span> 
     </span>
     <span class='ocr_line' id='line_1_7' title="bbox 234 1010 1549 1092; baseline 0.003 -17"><span class='ocrx_word' id='word_1_65' title='bbox 234 1012 406 1091; x_wconf 90' lang='grc' dir='ltr'>πρυτάνεις</span> <span class='ocrx_word' id='word_1_66' title='bbox 442 1012 493 1075; x_wconf 87' lang='grc' dir='ltr'><strong>καί</strong></span> <span class='ocrx_word' id='word_1_67' title='bbox 529 1012 607 1076; x_wconf 89' lang='grc' dir='ltr'>τοὺς</span> <span class='ocrx_word' id='word_1_68' title='bbox 644 1010 763 1077; x_wconf 85' lang='grc' dir='ltr'>ἄλλους</span> <span class='ocrx_word' id='word_1_69' title='bbox 799 1011 934 1076; x_wconf 85' lang='grc' dir='ltr'>πολίτας</span> <span class='ocrx_word' id='word_1_70' title='bbox 970 1011 1113 1077; x_wconf 87' lang='grc' dir='ltr'>πάντας·</span> <span class='ocrx_word' id='word_1_71' title='bbox 1160 1010 1401 1092; x_wconf 83' lang='grc' dir='ltr'>άναγραψάντω</span> <span class='ocrx_word' id='word_1_72' title='bbox 1439 1015 1475 1079; x_wconf 79' lang='grc' dir='ltr'><strong>δὲ</strong></span> <span class='ocrx_word' id='word_1_73' title='bbox 1514 1011 1549 1079; x_wconf 88' lang='grc' dir='ltr'><strong>οἱ</strong></span> 
     </span>
     <span class='ocr_line' id='line_1_8' title="bbox 236 1115 1166 1202; baseline 0.001 -20"><span class='ocrx_word' id='word_1_74' title='bbox 236 1115 400 1202; x_wconf 88' lang='grc' dir='ltr'>άρ)χοντες</span> <span class='ocrx_word' id='word_1_75' title='bbox 424 1118 459 1184; x_wconf 86' lang='grc' dir='ltr'><strong>ἐν</strong></span> <span class='ocrx_word' id='word_1_76' title='bbox 482 1122 540 1182; x_wconf 90' lang='grc' dir='ltr'><strong>τῶι</strong></span> <span class='ocrx_word' id='word_1_77' title='bbox 563 1117 652 1197; x_wconf 90' lang='grc' dir='ltr'>ἱερῶι</span> <span class='ocrx_word' id='word_1_78' title='bbox 675 1120 727 1183; x_wconf 83' lang='grc' dir='ltr'><strong>καί</strong></span> <span class='ocrx_word' id='word_1_79' title='bbox 750 1117 771 1182; x_wconf 89' lang='grc' dir='ltr'><strong>ἁ</strong></span> <span class='ocrx_word' id='word_1_80' title='bbox 795 1117 940 1183; x_wconf 82' lang='grc' dir='ltr'>ἀνάθεςις</span> <span class='ocrx_word' id='word_1_81' title='bbox 963 1119 1055 1197; x_wconf 90' lang='grc' dir='ltr'>κυρία</span> <span class='ocrx_word' id='word_1_82' title='bbox 1078 1119 1166 1184; x_wconf 86' lang='grc' dir='ltr'>ἔςτω.</span> 
     </span>
    </p>
   </div>
   <div class='ocr_carea' id='block_1_3' title="bbox 234 1282 1550 1931">
    <p class='ocr_par' dir='ltr' id='par_1_4' title="bbox 234 1282 1550 1931">
     <span class='ocr_line' id='line_1_9' title="bbox 324 1282 1546 1361; baseline 0.002 -19"><span class='ocrx_word' id='word_1_83' title='bbox 324 1282 389 1343; x_wconf 91' lang='grc' dir='ltr'><strong>Ηοο</strong></span> <span class='ocrx_word' id='word_1_84' title='bbox 412 1283 502 1343; x_wconf 92' lang='lat' dir='ltr'><strong>titulo</strong></span> <span class='ocrx_word' id='word_1_85' title='bbox 524 1283 701 1360; x_wconf 88' lang='lat' dir='ltr'><strong>Alcesippus</strong></span> <span class='ocrx_word' id='word_1_86' title='bbox 724 1283 812 1342; x_wconf 93' lang='lat' dir='ltr'><strong>homo</strong></span> <span class='ocrx_word' id='word_1_87' title='bbox 837 1283 957 1359; x_wconf 89' lang='lat' dir='ltr'><strong>quidam</strong></span> <span class='ocrx_word' id='word_1_88' title='bbox 980 1285 1116 1359; x_wconf 82' lang='lat' dir='ltr'><strong>privatus</strong></span> <span class='ocrx_word' id='word_1_89' title='bbox 1139 1287 1280 1361; x_wconf 75' lang='lat' dir='ltr'><strong>pecunias</strong></span> <span class='ocrx_word' id='word_1_90' title='bbox 1303 1285 1428 1361; x_wconf 82' lang='lat' dir='ltr'><strong>Delphis</strong></span> <span class='ocrx_word' id='word_1_91' title='bbox 1452 1285 1546 1344; x_wconf 89' lang='lat' dir='ltr'><strong>dona-</strong></span> 
     </span>
     <span class='ocr_line' id='line_1_10' title="bbox 235 1380 1545 1459; baseline -0.001 -18"><span class='ocrx_word' id='word_1_92' title='bbox 235 1385 294 1457; x_wconf 88' lang='lat' dir='ltr'><strong>vit,</strong></span> <span class='ocrx_word' id='word_1_93' title='bbox 323 1381 401 1440; x_wconf 90' lang='lat' dir='ltr'><strong>unde</strong></span> <span class='ocrx_word' id='word_1_94' title='bbox 424 1383 492 1457; x_wconf 90' lang='lat' dir='ltr'><strong>post</strong></span> <span class='ocrx_word' id='word_1_95' title='bbox 515 1384 642 1440; x_wconf 89' lang='lat' dir='ltr'><strong>mortem</strong></span> <span class='ocrx_word' id='word_1_96' title='bbox 665 1399 750 1441; x_wconf 88' lang='lat' dir='ltr'><strong>suam</strong></span> <span class='ocrx_word' id='word_1_97' title='bbox 774 1381 933 1458; x_wconf 86' lang='lat' dir='ltr'><strong>quotannis</strong></span> <span class='ocrx_word' id='word_1_98' title='bbox 957 1399 1057 1440; x_wconf 87' lang='lat' dir='ltr'><strong>mense</strong></span> <span class='ocrx_word' id='word_1_99' title='bbox 1080 1380 1196 1441; x_wconf 87' lang='lat' dir='ltr'><strong>Heraeo</strong></span> <span class='ocrx_word' id='word_1_100' title='bbox 1219 1401 1304 1442; x_wconf 88' lang='lat' dir='ltr'><strong>sacra</strong></span> <span class='ocrx_word' id='word_1_101' title='bbox 1326 1382 1463 1459; x_wconf 83' lang='lat' dir='ltr'><strong>Apollini</strong></span> <span class='ocrx_word' id='word_1_102' title='bbox 1485 1382 1545 1458; x_wconf 83' lang='lat' dir='ltr'><strong>Py·</strong></span> 
     </span>
     <span class='ocr_line' id='line_1_11' title="bbox 235 1474 1546 1560; baseline 0.001 -22"><span class='ocrx_word' id='word_1_103' title='bbox 235 1480 299 1539; x_wconf 90' lang='lat' dir='ltr'><strong>thio</strong></span> <span class='ocrx_word' id='word_1_104' title='bbox 327 1480 433 1539; x_wconf 86' lang='lat' dir='ltr'><strong>fierent</strong></span> <span class='ocrx_word' id='word_1_105' title='bbox 460 1479 579 1539; x_wconf 88' lang='lat' dir='ltr'><strong>nomine</strong></span> <span class='ocrx_word' id='word_1_106' title='bbox 604 1474 822 1554; x_wconf 79' lang='grc' dir='ltr'>Ἀλκεσίππεια,</span> <span class='ocrx_word' id='word_1_107' title='bbox 854 1480 890 1539; x_wconf 88' lang='lat' dir='ltr'><strong>de</strong></span> <span class='ocrx_word' id='word_1_108' title='bbox 923 1478 1030 1556; x_wconf 88' lang='lat' dir='ltr'><strong>quibus</strong></span> <span class='ocrx_word' id='word_1_109' title='bbox 1059 1478 1179 1539; x_wconf 79' lang='lat' dir='ltr'><strong>aliunde</strong></span> <span class='ocrx_word' id='word_1_110' title='bbox 1206 1479 1283 1539; x_wconf 91' lang='lat' dir='ltr'><strong>nihil</strong></span> <span class='ocrx_word' id='word_1_111' title='bbox 1310 1482 1462 1560; x_wconf 83' lang='lat' dir='ltr'><strong>cognitum</strong></span> <span class='ocrx_word' id='word_1_112' title='bbox 1491 1485 1546 1540; x_wconf 87' lang='lat' dir='ltr'><strong>est</strong></span> 
     </span>
     <span class='ocr_line' id='line_1_12' title="bbox 234 1577 1547 1654; baseline 0 -17"><span class='ocrx_word' id='word_1_113' title='bbox 234 1578 375 1637; x_wconf 78' lang='lat' dir='ltr'><strong>Imitatus</strong></span> <span class='ocrx_word' id='word_1_114' title='bbox 400 1580 445 1638; x_wconf 87' lang='lat' dir='ltr'><strong>est</strong></span> <span class='ocrx_word' id='word_1_115' title='bbox 467 1579 500 1636; x_wconf 89' lang='lat' dir='ltr'><strong>in</strong></span> <span class='ocrx_word' id='word_1_116' title='bbox 524 1577 730 1639; x_wconf 85' lang='lat' dir='ltr'><strong>constituendo</strong></span> <span class='ocrx_word' id='word_1_117' title='bbox 754 1595 906 1638; x_wconf 88' lang='lat' dir='ltr'><strong>sacrorum</strong></span> <span class='ocrx_word' id='word_1_118' title='bbox 928 1577 1031 1636; x_wconf 89' lang='lat' dir='ltr'><strong>ordine</strong></span> <span class='ocrx_word' id='word_1_119' title='bbox 1054 1578 1160 1654; x_wconf 90' lang='lat' dir='ltr'><strong>populi</strong></span> <span class='ocrx_word' id='word_1_120' title='bbox 1183 1577 1219 1636; x_wconf 93' lang='lat' dir='ltr'><strong>de</strong></span> <span class='ocrx_word' id='word_1_121' title='bbox 1239 1577 1369 1638; x_wconf 87' lang='lat' dir='ltr'><strong>Attaleis</strong></span> <span class='ocrx_word' id='word_1_122' title='bbox 1393 1579 1547 1638; x_wconf 86' lang='lat' dir='ltr'><strong>decretum</strong></span> 
     </span>
     <span class='ocr_line' id='line_1_13' title="bbox 236 1665 1549 1755; baseline 0 -21"><span class='ocrx_word' id='word_1_123' title='bbox 236 1676 307 1734; x_wconf 89' lang='lat' dir='ltr'><strong>anni</strong></span> <span class='ocrx_word' id='word_1_124' title='bbox 332 1667 426 1755; x_wconf 61' lang='lat'>15978</span> <span class='ocrx_word' id='word_1_125' title='bbox 451 1665 503 1755; x_wconf 86' lang='lat' dir='ltr'><strong>(of.</strong></span> <span class='ocrx_word' id='word_1_126' title='bbox 521 1695 550 1733; x_wconf 92' lang='lat' dir='ltr'><strong>n.</strong></span> <span class='ocrx_word' id='word_1_127' title='bbox 567 1677 607 1733; x_wconf 94' lang='lat'><strong>77</strong></span> <span class='ocrx_word' id='word_1_128' title='bbox 632 1671 820 1752; x_wconf 83' lang='lat' dir='ltr'><strong>v.10sqq.).</strong></span> <span class='ocrx_word' id='word_1_129' title='bbox 858 1674 977 1734; x_wconf 80' lang='lat' dir='ltr'><strong>Archon</strong></span> <span class='ocrx_word' id='word_1_130' title='bbox 1001 1675 1080 1734; x_wconf 90' lang='lat' dir='ltr'><strong>enim</strong></span> <span class='ocrx_word' id='word_1_131' title='bbox 1103 1678 1223 1736; x_wconf 88' lang='lat' dir='ltr'><strong>nomine</strong></span> <span class='ocrx_word' id='word_1_132' title='bbox 1240 1675 1457 1737; x_wconf 81' lang='lat' dir='ltr'><strong>Demosthenes</strong></span> <span class='ocrx_word' id='word_1_133' title='bbox 1476 1676 1549 1736; x_wconf 90' lang='lat' dir='ltr'><strong>Del-</strong></span> 
     </span>
     <span class='ocr_line' id='line_1_14' title="bbox 235 1767 1550 1852; baseline 0.002 -21"><span class='ocrx_word' id='word_1_134' title='bbox 235 1773 302 1852; x_wconf 92' lang='lat' dir='ltr'><strong>phis</strong></span> <span class='ocrx_word' id='word_1_135' title='bbox 325 1792 386 1833; x_wconf 91' lang='lat' dir='ltr'><strong>non</strong></span> <span class='ocrx_word' id='word_1_136' title='bbox 410 1773 508 1832; x_wconf 87' lang='lat' dir='ltr'><strong>solum</strong></span> <span class='ocrx_word' id='word_1_137' title='bbox 532 1792 609 1833; x_wconf 87' lang='lat' dir='ltr'><strong>anno</strong></span> <span class='ocrx_word' id='word_1_138' title='bbox 633 1767 926 1852; x_wconf 72' lang='lat' dir='ltr'><strong>a.(lhr.n.182l1‚</strong></span> <span class='ocrx_word' id='word_1_139' title='bbox 955 1773 1005 1832; x_wconf 89' lang='lat' dir='ltr'><strong>sod</strong></span> <span class='ocrx_word' id='word_1_140' title='bbox 1029 1774 1121 1833; x_wconf 87' lang='lat' dir='ltr'><strong>etiam</strong></span> <span class='ocrx_word' id='word_1_141' title='bbox 1148 1768 1242 1852; x_wconf 63' lang='grc'><strong>14312</strong></span> <span class='ocrx_word' id='word_1_142' title='bbox 1265 1775 1331 1834; x_wconf 87' lang='lat' dir='ltr'><strong>fuit.</strong></span> <span class='ocrx_word' id='word_1_143' title='bbox 1377 1773 1445 1833; x_wconf 88' lang='lat' dir='ltr'><strong>Vid.</strong></span> <span class='ocrx_word' id='word_1_144' title='bbox 1471 1793 1550 1850; x_wconf 85' lang='lat' dir='ltr'><strong>quae</strong></span> 
     </span>
     <span class='ocr_line' id='line_1_15' title="bbox 237 1870 759 1931; baseline -0.002 -2"><span class='ocrx_word' id='word_1_145' title='bbox 237 1870 272 1930; x_wconf 97' lang='lat' dir='ltr'><strong>de</strong></span> <span class='ocrx_word' id='word_1_146' title='bbox 296 1871 353 1930; x_wconf 90' lang='lat' dir='ltr'><strong>hac</strong></span> <span class='ocrx_word' id='word_1_147' title='bbox 375 1889 407 1929; x_wconf 89' lang='lat' dir='ltr'><strong>re</strong></span> <span class='ocrx_word' id='word_1_148' title='bbox 432 1870 469 1929; x_wconf 91' lang='lat' dir='ltr'><strong>ad</strong></span> <span class='ocrx_word' id='word_1_149' title='bbox 493 1891 521 1928; x_wconf 90' lang='lat' dir='ltr'><strong>n.</strong></span> <span class='ocrx_word' id='word_1_150' title='bbox 544 1873 583 1930; x_wconf 86' lang='lat'><strong>77</strong></span> <span class='ocrx_word' id='word_1_151' title='bbox 608 1871 759 1931; x_wconf 83' lang='lat' dir='ltr'><strong>adnotari.</strong></span> 
     </span>
    </p>
   </div>
   <div class='ocr_carea' id='block_1_4' title="bbox 236 2084 1549 2398">
    <p class='ocr_par' dir='ltr' id='par_1_5' title="bbox 236 2084 1549 2398">
     <span class='ocr_line' id='line_1_16' title="bbox 328 2084 1549 2158; baseline 0.001 -18"><span class='ocrx_word' id='word_1_152' title='bbox 328 2085 375 2140; x_wconf 78' lang='grc'><strong>71).</strong></span> <span class='ocrx_word' id='word_1_153' title='bbox 408 2084 494 2154; x_wconf 86' lang='lat' dir='ltr'><strong>Lapis</strong></span> <span class='ocrx_word' id='word_1_154' title='bbox 512 2102 568 2140; x_wconf 86' lang='lat' dir='ltr'><strong>non</strong></span> <span class='ocrx_word' id='word_1_155' title='bbox 586 2084 746 2157; x_wconf 78' lang='lat' dir='ltr'><strong>laevigatus</strong></span> <span class='ocrx_word' id='word_1_156' title='bbox 764 2086 894 2140; x_wconf 86' lang='lat' dir='ltr'><strong>iuventus</strong></span> <span class='ocrx_word' id='word_1_157' title='bbox 912 2086 943 2140; x_wconf 91' lang='lat' dir='ltr'><strong>in</strong></span> <span class='ocrx_word' id='word_1_158' title='bbox 956 2086 1018 2140; x_wconf 84' lang='lat' dir='ltr'><strong>vico</strong></span> <span class='ocrx_word' id='word_1_159' title='bbox 1032 2087 1121 2154; x_wconf 81' lang='lat' dir='ltr'><strong>Ssaka</strong></span> <span class='ocrx_word' id='word_1_160' title='bbox 1139 2103 1226 2158; x_wconf 83' lang='lat' dir='ltr'><strong>prope</strong></span> <span class='ocrx_word' id='word_1_161' title='bbox 1240 2086 1409 2154; x_wconf 69' lang='lat' dir='ltr'><strong>Histriam,</strong></span> <span class='ocrx_word' id='word_1_162' title='bbox 1427 2105 1503 2142; x_wconf 89' lang='lat' dir='ltr'><strong>nunc</strong></span> <span class='ocrx_word' id='word_1_163' title='bbox 1517 2089 1549 2141; x_wconf 87' lang='lat' dir='ltr'><strong>in</strong></span> 
     </span>
     <span class='ocr_line' id='line_1_17' title="bbox 236 2165 1548 2238; baseline 0.002 -18"><span class='ocrx_word' id='word_1_164' title='bbox 236 2181 332 2220; x_wconf 90' lang='lat' dir='ltr'><strong>museo</strong></span> <span class='ocrx_word' id='word_1_165' title='bbox 355 2165 410 2220; x_wconf 84' lang='lat' dir='ltr'><strong>rici</strong></span> <span class='ocrx_word' id='word_1_166' title='bbox 429 2165 610 2221; x_wconf 72' lang='lat' dir='ltr'><strong>Druclrmni.</strong></span> <span class='ocrx_word' id='word_1_167' title='bbox 647 2165 717 2219; x_wconf 85' lang='lat' dir='ltr'><strong>Edd.</strong></span> <span class='ocrx_word' id='word_1_168' title='bbox 733 2165 855 2220; x_wconf 76' lang='lat' dir='ltr'><strong>Fousart</strong></span> <span class='ocrx_word' id='word_1_169' title='bbox 873 2167 967 2222; x_wconf 79' lang='grc' dir='ltr'><strong>ΒΘΗ</strong></span> <span class='ocrx_word' id='word_1_170' title='bbox 983 2166 1034 2221; x_wconf 89' lang='lat' dir='ltr'><strong>VH</strong></span> <span class='ocrx_word' id='word_1_171' title='bbox 1052 2169 1144 2237; x_wconf 85' lang='grc'><strong>(1884)</strong></span> <span class='ocrx_word' id='word_1_172' title='bbox 1166 2185 1194 2238; x_wconf 91' lang='lat' dir='ltr'><strong>p.</strong></span> <span class='ocrx_word' id='word_1_173' title='bbox 1210 2172 1261 2220; x_wconf 79' lang='grc'><strong>918</strong></span> <span class='ocrx_word' id='word_1_174' title='bbox 1285 2183 1319 2222; x_wconf 88' lang='lat' dir='ltr'><strong>ex</strong></span> <span class='ocrx_word' id='word_1_175' title='bbox 1341 2169 1442 2238; x_wconf 80' lang='lat' dir='ltr'><strong>ectypo</strong></span> <span class='ocrx_word' id='word_1_176' title='bbox 1467 2167 1548 2222; x_wconf 87' lang='lat' dir='ltr'><strong>char-</strong></span> 
     </span>
     <span class='ocr_line' id='line_1_18' title="bbox 236 2244 1549 2314; baseline 0.002 -13"><span class='ocrx_word' id='word_1_177' title='bbox 236 2251 330 2312; x_wconf 86' lang='lat' dir='ltr'><strong>taceo,</strong></span> <span class='ocrx_word' id='word_1_178' title='bbox 358 2246 434 2314; x_wconf 90' lang='lat' dir='ltr'><strong>quod</strong></span> <span class='ocrx_word' id='word_1_179' title='bbox 457 2244 564 2300; x_wconf 84' lang='lat' dir='ltr'><strong>fecerat</strong></span> <span class='ocrx_word' id='word_1_180' title='bbox 586 2245 678 2314; x_wconf 86' lang='lat' dir='ltr'><strong>Bilco‚</strong></span> <span class='ocrx_word' id='word_1_181' title='bbox 707 2246 735 2299; x_wconf 81' lang='lat' dir='ltr'><strong>F.</strong></span> <span class='ocrx_word' id='word_1_182' title='bbox 755 2245 872 2301; x_wconf 87' lang='lat' dir='ltr'><strong>Beehtel</strong></span> <span class='ocrx_word' id='word_1_183' title='bbox 894 2247 1008 2302; x_wconf 85' lang='lat' dir='ltr'><strong><em>SGDI</em></strong></span> <span class='ocrx_word' id='word_1_184' title='bbox 1029 2253 1111 2314; x_wconf 74' lang='lat'>1⁶31,</span> <span class='ocrx_word' id='word_1_185' title='bbox 1140 2247 1259 2302; x_wconf 81' lang='lat' dir='ltr'><strong>Itoberts</strong></span> <span class='ocrx_word' id='word_1_186' title='bbox 1281 2249 1387 2304; x_wconf 78' lang='lat' dir='ltr'><strong>Iatrod.</strong></span> <span class='ocrx_word' id='word_1_187' title='bbox 1408 2255 1435 2304; x_wconf 76' lang='lat' dir='ltr'><strong>tc</strong></span> <span class='ocrx_word' id='word_1_188' title='bbox 1460 2248 1549 2304; x_wconf 68' lang='lat' dir='ltr'><strong>creet</strong></span> 
     </span>
     <span class='ocr_line' id='line_1_19' title="bbox 237 2325 1546 2398; baseline 0.002 -18"><span class='ocrx_word' id='word_1_189' title='bbox 237 2328 335 2396; x_wconf 74' lang='grc' dir='ltr'>Ερὲρτ.</span> <span class='ocrx_word' id='word_1_190' title='bbox 350 2325 363 2379; x_wconf 90' lang='lat'><em>1</em></span> <span class='ocrx_word' id='word_1_191' title='bbox 378 2343 404 2396; x_wconf 94' lang='lat' dir='ltr'><strong>p.</strong></span> <span class='ocrx_word' id='word_1_192' title='bbox 421 2331 472 2380; x_wconf 77' lang='lat'><strong>232</strong></span> <span class='ocrx_word' id='word_1_193' title='bbox 491 2344 518 2379; x_wconf 91' lang='lat' dir='ltr'><strong>n.</strong></span> <span class='ocrx_word' id='word_1_194' title='bbox 534 2330 586 2380; x_wconf 79' lang='lat'><strong>229</strong></span> <span class='ocrx_word' id='word_1_195' title='bbox 597 2327 645 2392; x_wconf 70' lang='lat' dir='ltr'><strong>bsh,</strong></span> <span class='ocrx_word' id='word_1_196' title='bbox 665 2325 864 2396; x_wconf 80' lang='lat' dir='ltr'><strong>Dittenbcrger</strong></span> <span class='ocrx_word' id='word_1_197' title='bbox 882 2326 1046 2397; x_wconf 80' lang='lat' dir='ltr'><strong>apographo</strong></span> <span class='ocrx_word' id='word_1_198' title='bbox 1064 2326 1199 2398; x_wconf 82' lang='lat' dir='ltr'><strong>Lollingii</strong></span> <span class='ocrx_word' id='word_1_199' title='bbox 1217 2345 1284 2382; x_wconf 88' lang='lat' dir='ltr'><strong>usus</strong></span> <span class='ocrx_word' id='word_1_200' title='bbox 1303 2329 1325 2381; x_wconf 94' lang='lat' dir='ltr'><strong><em>I</em></strong></span> <span class='ocrx_word' id='word_1_201' title='bbox 1328 2328 1354 2384; x_wconf 77' lang='grc' dir='ltr'><em>θ</em></span> <span class='ocrx_word' id='word_1_202' title='bbox 1372 2327 1478 2382; x_wconf 89' lang='lat' dir='ltr'><strong>IX1n.</strong></span> <span class='ocrx_word' id='word_1_203' title='bbox 1495 2333 1546 2382; x_wconf 78' lang='grc'><strong>129</strong></span> 
     </span>
    </p>
   </div>
   <div class='ocr_carea' id='block_1_5' title="bbox 236 2394 1547 2558">
    <p class='ocr_par' dir='ltr' id='par_1_6' title="bbox 236 2394 1547 2558">
     <span class='ocr_line' id='line_1_20' title="bbox 236 2394 1547 2540; baseline -0.001 -79"><span class='ocrx_word' id='word_1_204' title='bbox 236 2408 266 2540; x_wconf 48' lang='lat' dir='ltr'><strong>{r</strong></span> <span class='ocrx_word' id='word_1_205' title='bbox 292 2405 463 2518; x_wconf 46' lang='lat' dir='ltr'><strong>sparso,</strong></span> <span class='ocrx_word' id='word_1_206' title='bbox 491 2405 595 2460; x_wconf 66' lang='lat' dir='ltr'><strong>uranu</strong></span> <span class='ocrx_word' id='word_1_207' title='bbox 624 2405 736 2462; x_wconf 66' lang='lat' dir='ltr'><strong>neema</strong></span> <span class='ocrx_word' id='word_1_208' title='bbox 765 2411 823 2460; x_wconf 77' lang='lat' dir='ltr'><strong>ros.</strong></span> <span class='ocrx_word' id='word_1_209' title='bbox 873 2405 912 2460; x_wconf 86' lang='lat' dir='ltr'><strong>cf.</strong></span> <span class='ocrx_word' id='word_1_210' title='bbox 942 2407 1028 2462; x_wconf 68' lang='lat' dir='ltr'><strong>osam</strong></span> <span class='ocrx_word' id='word_1_211' title='bbox 1054 2407 1135 2461; x_wconf 70' lang='lat' dir='ltr'><strong>rasa</strong></span> <span class='ocrx_word' id='word_1_212' title='bbox 1162 2394 1259 2463; x_wconf 69' lang='lat' dir='ltr'><strong>daco</strong></span> <span class='ocrx_word' id='word_1_213' title='bbox 1286 2426 1313 2478; x_wconf 81' lang='lat' dir='ltr'><strong>p.</strong></span> <span class='ocrx_word' id='word_1_214' title='bbox 1337 2413 1372 2462; x_wconf 73' lang='lat' dir='ltr'><strong>ss</strong></span> <span class='ocrx_word' id='word_1_215' title='bbox 1400 2409 1429 2464; x_wconf 79' lang='grc' dir='ltr'>ω</span> <span class='ocrx_word' id='word_1_216' title='bbox 1456 2407 1547 2462; x_wconf 72' lang='lat' dir='ltr'><strong>nour</strong></span> 
     </span>
     <span class='ocr_line' id='line_1_21' title="bbox 254 2489 494 2558; baseline -0.008 -17"><span class='ocrx_word' id='word_1_217' title='bbox 254 2489 376 2558; x_wconf 58' lang='lat' dir='ltr'><strong>marines</strong></span> <span class='ocrx_word' id='word_1_218' title='bbox 407 2504 434 2556; x_wconf 90' lang='grc' dir='ltr'><strong>ρ.</strong></span> <span class='ocrx_word' id='word_1_219' title='bbox 452 2492 494 2540; x_wconf 79' lang='lat'><strong>21.</strong></span> 
     </span>
    </p>
   </div>
   <div class='ocr_carea' id='block_1_6' title="bbox 558 2593 1215 2684">
    <p class='ocr_par' dir='ltr' id='par_1_7' title="bbox 558 2593 1215 2684">
     <span class='ocr_line' id='line_1_22' title="bbox 558 2593 1215 2684; baseline 0 -22"><span class='ocrx_word' id='word_1_220' title='bbox 558 2597 609 2662; x_wconf 83' lang='grc' dir='ltr'><strong>Ἐν</strong></span> <span class='ocrx_word' id='word_1_221' title='bbox 632 2595 681 2663; x_wconf 77' lang='grc' dir='ltr'><strong>τοι</strong></span> <span class='ocrx_word' id='word_1_222' title='bbox 707 2593 875 2684; x_wconf 76' lang='grc' dir='ltr'>ίά)νακείοι</span> <span class='ocrx_word' id='word_1_223' title='bbox 896 2594 901 2684; x_wconf 83' lang='grc' dir='ltr'>Ι</span> <span class='ocrx_word' id='word_1_224' title='bbox 922 2598 1043 2662; x_wconf 89' lang='grc' dir='ltr'>θύοντα</span> <span class='ocrx_word' id='word_1_225' title='bbox 1064 2595 1068 2683; x_wconf 93' lang='grc'><strong>)</strong></span> <span class='ocrx_word' id='word_1_226' title='bbox 1089 2597 1215 2662; x_wconf 66' lang='lat' dir='ltr'><strong>trevir·</strong></span> 
     </span>
    </p>
   </div>
   <div class='ocr_carea' id='block_1_7' title="bbox 685 2703 1101 2789">
    <p class='ocr_par' dir='ltr' id='par_1_8' title="bbox 685 2703 1101 2789">
     <span class='ocr_line' id='line_1_23' title="bbox 685 2703 1101 2789; baseline 0.002 -21"><span class='ocrx_word' id='word_1_227' title='bbox 685 2708 820 2780; x_wconf 86' lang='grc' dir='ltr'>γυναῖκα</span> <span class='ocrx_word' id='word_1_228' title='bbox 840 2704 845 2788; x_wconf 89' lang='grc'><strong>)</strong></span> <span class='ocrx_word' id='word_1_229' title='bbox 866 2706 903 2784; x_wconf 81' lang='grc' dir='ltr'><strong>μὲ</strong></span> <span class='ocrx_word' id='word_1_230' title='bbox 927 2703 1101 2789; x_wconf 88' lang='grc' dir='ltr'>παρίμε[ν].</span> 
     </span>
    </p>
   </div>
   <div class='ocr_carea' id='block_1_8' title="bbox 237 2871 1551 4130">
    <p class='ocr_par' dir='ltr' id='par_1_9' title="bbox 237 2871 1548 3056">
     <span class='ocr_line' id='line_1_24' title="bbox 326 2871 1548 2959; baseline 0.001 -23"><span class='ocrx_word' id='word_1_231' title='bbox 326 2878 445 2938; x_wconf 83' lang='lat' dir='ltr'><strong>Titulus</strong></span> <span class='ocrx_word' id='word_1_232' title='bbox 479 2897 539 2938; x_wconf 92' lang='lat' dir='ltr'><strong>non</strong></span> <span class='ocrx_word' id='word_1_233' title='bbox 571 2879 666 2937; x_wconf 92' lang='lat' dir='ltr'><strong>multo</strong></span> <span class='ocrx_word' id='word_1_234' title='bbox 699 2881 769 2938; x_wconf 87' lang='lat' dir='ltr'><strong>ante</strong></span> <span class='ocrx_word' id='word_1_235' title='bbox 801 2877 891 2936; x_wconf 86' lang='lat' dir='ltr'><strong>finem</strong></span> <span class='ocrx_word' id='word_1_236' title='bbox 915 2877 941 2934; x_wconf 91' lang='lat' dir='ltr'>V</span> <span class='ocrx_word' id='word_1_237' title='bbox 965 2897 990 2937; x_wconf 92' lang='lat' dir='ltr'><strong>a.</strong></span> <span class='ocrx_word' id='word_1_238' title='bbox 1012 2875 1079 2936; x_wconf 82' lang='lat' dir='ltr'><strong>chr.</strong></span> <span class='ocrx_word' id='word_1_239' title='bbox 1103 2878 1215 2938; x_wconf 89' lang='lat' dir='ltr'><strong>saeculi</strong></span> <span class='ocrx_word' id='word_1_240' title='bbox 1241 2880 1403 2954; x_wconf 88' lang='lat' dir='ltr'><strong>inscriptus</strong></span> <span class='ocrx_word' id='word_1_241' title='bbox 1413 2871 1439 2959; x_wconf 86' lang='lat'><strong>¹)</strong></span> <span class='ocrx_word' id='word_1_242' title='bbox 1467 2878 1548 2938; x_wconf 90' lang='lat' dir='ltr'><strong>haud</strong></span> 
     </span>
     <span class='ocr_line' id='line_1_25' title="bbox 237 2975 1318 3056; baseline -0.004 -20"><span class='ocrx_word' id='word_1_243' title='bbox 237 2975 326 3036; x_wconf 92' lang='lat' dir='ltr'><strong>dubie</strong></span> <span class='ocrx_word' id='word_1_244' title='bbox 349 2979 507 3051; x_wconf 76' lang='lat' dir='ltr'><strong>tamquam</strong></span> <span class='ocrx_word' id='word_1_245' title='bbox 529 2975 707 3056; x_wconf 75' lang='grc' dir='ltr'>πρόγραμμα</span> <span class='ocrx_word' id='word_1_246' title='bbox 728 2977 761 3034; x_wconf 90' lang='lat' dir='ltr'><strong>in</strong></span> <span class='ocrx_word' id='word_1_247' title='bbox 784 2977 911 3035; x_wconf 88' lang='lat' dir='ltr'><strong>introitu</strong></span> <span class='ocrx_word' id='word_1_248' title='bbox 934 2975 1038 3036; x_wconf 87' lang='lat' dir='ltr'><strong>sacelli</strong></span> <span class='ocrx_word' id='word_1_249' title='bbox 1061 2976 1222 3036; x_wconf 87' lang='lat' dir='ltr'><strong>collocatus</strong></span> <span class='ocrx_word' id='word_1_250' title='bbox 1247 2979 1318 3035; x_wconf 88' lang='lat' dir='ltr'><strong>erat.</strong></span> 
     </span>
    </p>

    <p class='ocr_par' dir='ltr' id='par_1_10' title="bbox 237 3071 1549 3445">
     <span class='ocr_line' id='line_1_26' title="bbox 325 3071 1549 3150; baseline 0.002 -18"><span class='ocrx_word' id='word_1_251' title='bbox 325 3073 430 3150; x_wconf 88' lang='lat' dir='ltr'><strong>Ipsum</strong></span> <span class='ocrx_word' id='word_1_252' title='bbox 453 3076 554 3133; x_wconf 90' lang='lat' dir='ltr'><strong>autem</strong></span> <span class='ocrx_word' id='word_1_253' title='bbox 576 3071 608 3133; x_wconf 85' lang='grc' dir='ltr'><strong>τὸ</strong></span> <span class='ocrx_word' id='word_1_254' title='bbox 626 3075 790 3133; x_wconf 60' lang='grc' dir='ltr'>ίανακεῐον</span> <span class='ocrx_word' id='word_1_255' title='bbox 814 3076 867 3133; x_wconf 88' lang='lat' dir='ltr'><strong>aut</strong></span> <span class='ocrx_word' id='word_1_256' title='bbox 890 3091 908 3132; x_wconf 89' lang='lat' dir='ltr'><strong>a</strong></span> <span class='ocrx_word' id='word_1_257' title='bbox 930 3092 1002 3133; x_wconf 82' lang='lat' dir='ltr'><strong>voce</strong></span> <span class='ocrx_word' id='word_1_258' title='bbox 1019 3072 1151 3144; x_wconf 66' lang='lat' dir='ltr'><strong>fulvom</strong></span> <span class='ocrx_word' id='word_1_259' title='bbox 1174 3091 1281 3134; x_wconf 89' lang='lat' dir='ltr'><strong>nomen</strong></span> <span class='ocrx_word' id='word_1_260' title='bbox 1301 3074 1394 3133; x_wconf 81' lang='lat' dir='ltr'><strong>traxit</strong></span> <span class='ocrx_word' id='word_1_261' title='bbox 1417 3092 1549 3134; x_wconf 84' lang='lat' dir='ltr'><strong>sacrum·</strong></span> 
     </span>
     <span class='ocr_line' id='line_1_27' title="bbox 238 3163 1548 3252; baseline 0.001 -22"><span class='ocrx_word' id='word_1_262' title='bbox 238 3192 295 3249; x_wconf 88' lang='lat' dir='ltr'><strong>qus</strong></span> <span class='ocrx_word' id='word_1_263' title='bbox 318 3176 384 3231; x_wconf 89' lang='lat' dir='ltr'><strong>erat</strong></span> <span class='ocrx_word' id='word_1_264' title='bbox 402 3171 615 3231; x_wconf 88' lang='lat' dir='ltr'><strong>Dioscurorum</strong></span> <span class='ocrx_word' id='word_1_265' title='bbox 634 3175 687 3230; x_wconf 90' lang='lat' dir='ltr'><strong>aut</strong></span> <span class='ocrx_word' id='word_1_266' title='bbox 710 3191 729 3230; x_wconf 92' lang='lat' dir='ltr'><strong>a</strong></span> <span class='ocrx_word' id='word_1_267' title='bbox 751 3190 822 3231; x_wconf 88' lang='lat' dir='ltr'><strong>voce</strong></span> <span class='ocrx_word' id='word_1_268' title='bbox 845 3169 944 3244; x_wconf 64' lang='lat' dir='ltr'><strong>friso}</strong></span> <span class='ocrx_word' id='word_1_269' title='bbox 968 3174 998 3230; x_wconf 91' lang='lat' dir='ltr'><strong>et</strong></span> <span class='ocrx_word' id='word_1_270' title='bbox 1017 3169 1117 3250; x_wconf 77' lang='lat' dir='ltr'><strong>Oahiri</strong></span> <span class='ocrx_word' id='word_1_271' title='bbox 1140 3163 1242 3252; x_wconf 59' lang='lat' dir='ltr'><strong>eratl)</strong></span> <span class='ocrx_word' id='word_1_272' title='bbox 1277 3171 1366 3248; x_wconf 85' lang='lat' dir='ltr'><strong>Apud</strong></span> <span class='ocrx_word' id='word_1_273' title='bbox 1387 3173 1548 3248; x_wconf 78' lang='lat' dir='ltr'><strong>scriptores</strong></span> 
     </span>
     <span class='ocr_line' id='line_1_28' title="bbox 237 3267 1549 3345; baseline -0.001 -15"><span class='ocrx_word' id='word_1_274' title='bbox 237 3289 291 3330; x_wconf 89' lang='lat' dir='ltr'><strong>uec</strong></span> <span class='ocrx_word' id='word_1_275' title='bbox 318 3270 406 3330; x_wconf 88' lang='lat' dir='ltr'><strong>huius</strong></span> <span class='ocrx_word' id='word_1_276' title='bbox 434 3289 488 3330; x_wconf 89' lang='lat' dir='ltr'><strong>nec</strong></span> <span class='ocrx_word' id='word_1_277' title='bbox 515 3271 636 3330; x_wconf 90' lang='lat' dir='ltr'><strong>illorum</strong></span> <span class='ocrx_word' id='word_1_278' title='bbox 665 3271 761 3329; x_wconf 85' lang='lat' dir='ltr'><strong>cultus</strong></span> <span class='ocrx_word' id='word_1_279' title='bbox 789 3269 939 3330; x_wconf 81' lang='lat' dir='ltr'><strong>Elatensis</strong></span> <span class='ocrx_word' id='word_1_280' title='bbox 966 3269 1111 3345; x_wconf 85' lang='lat' dir='ltr'><strong>traditur,</strong></span> <span class='ocrx_word' id='word_1_281' title='bbox 1139 3270 1176 3329; x_wconf 89' lang='lat' dir='ltr'><strong>ad</strong></span> <span class='ocrx_word' id='word_1_282' title='bbox 1206 3267 1306 3329; x_wconf 78' lang='lat' dir='ltr'><strong>Gabini</strong></span> <span class='ocrx_word' id='word_1_283' title='bbox 1333 3273 1433 3330; x_wconf 89' lang='lat' dir='ltr'><strong>tamen</strong></span> <span class='ocrx_word' id='word_1_284' title='bbox 1463 3288 1549 3329; x_wconf 90' lang='lat' dir='ltr'><strong>sacra</strong></span> 
     </span>
     <span class='ocr_line' id='line_1_29' title="bbox 238 3366 1374 3445; baseline -0.001 -18"><span class='ocrx_word' id='word_1_285' title='bbox 238 3372 431 3445; x_wconf 88' lang='lat' dir='ltr'><strong>praeceptum</strong></span> <span class='ocrx_word' id='word_1_286' title='bbox 454 3367 530 3426; x_wconf 90' lang='lat' dir='ltr'><strong>illud</strong></span> <span class='ocrx_word' id='word_1_287' title='bbox 553 3368 589 3427; x_wconf 95' lang='lat' dir='ltr'><strong>de</strong></span> <span class='ocrx_word' id='word_1_288' title='bbox 613 3366 788 3427; x_wconf 87' lang='lat' dir='ltr'><strong>mulieribus</strong></span> <span class='ocrx_word' id='word_1_289' title='bbox 811 3366 1003 3444; x_wconf 84' lang='lat' dir='ltr'><strong>prohibendis</strong></span> <span class='ocrx_word' id='word_1_290' title='bbox 1027 3369 1128 3442; x_wconf 91' lang='lat' dir='ltr'><strong>aptius</strong></span> <span class='ocrx_word' id='word_1_291' title='bbox 1150 3368 1224 3426; x_wconf 90' lang='lat' dir='ltr'><strong>mihi</strong></span> <span class='ocrx_word' id='word_1_292' title='bbox 1247 3367 1374 3427; x_wconf 83' lang='lat' dir='ltr'><strong>ridetur.</strong></span> 
     </span>
    </p>

    <p class='ocr_par' dir='ltr' id='par_1_11' title="bbox 238 3463 1551 4130">
     <span class='ocr_line' id='line_1_30' title="bbox 327 3463 1550 3543; baseline -0.001 -18"><span class='ocrx_word' id='word_1_293' title='bbox 327 3465 399 3525; x_wconf 65' lang='lat'><strong>74</strong></span> <span class='ocrx_word' id='word_1_294' title='bbox 423 3470 544 3525; x_wconf 75' lang='lat' dir='ltr'><strong>causis:</strong></span> <span class='ocrx_word' id='word_1_295' title='bbox 569 3466 605 3525; x_wconf 88' lang='lat' dir='ltr'><strong>dc</strong></span> <span class='ocrx_word' id='word_1_296' title='bbox 628 3466 764 3524; x_wconf 85' lang='lat' dir='ltr'><strong>tentoriis</strong></span> <span class='ocrx_word' id='word_1_297' title='bbox 787 3465 818 3523; x_wconf 89' lang='lat' dir='ltr'><strong>in</strong></span> <span class='ocrx_word' id='word_1_298' title='bbox 842 3486 874 3524; x_wconf 89' lang='lat' dir='ltr'><strong>re</strong></span> <span class='ocrx_word' id='word_1_299' title='bbox 897 3483 983 3525; x_wconf 87' lang='lat' dir='ltr'><strong>sacra</strong></span> <span class='ocrx_word' id='word_1_300' title='bbox 1001 3464 1144 3525; x_wconf 85' lang='lat' dir='ltr'><strong>adhibitis</strong></span> <span class='ocrx_word' id='word_1_301' title='bbox 1162 3465 1300 3543; x_wconf 81' lang='lat' dir='ltr'><strong>Toepffer</strong></span> <span class='ocrx_word' id='word_1_302' title='bbox 1319 3465 1356 3524; x_wconf 88' lang='lat' dir='ltr'><strong>ad</strong></span> <span class='ocrx_word' id='word_1_303' title='bbox 1374 3466 1450 3543; x_wconf 84' lang='lat' dir='ltr'><strong>legis</strong></span> <span class='ocrx_word' id='word_1_304' title='bbox 1471 3463 1550 3526; x_wconf 77' lang='lat' dir='ltr'><strong>Coae</strong></span> 
     </span>
     <span class='ocr_line' id='line_1_31' title="bbox 238 3555 1551 3644; baseline -0.003 -20"><span class='ocrx_word' id='word_1_305' title='bbox 238 3565 329 3624; x_wconf 80' lang='lat' dir='ltr'><strong>verba</strong></span> <span class='ocrx_word' id='word_1_306' title='bbox 347 3563 469 3625; x_wconf 70' lang='lat' dir='ltr'><strong>dodorus</strong></span> <span class='ocrx_word' id='word_1_307' title='bbox 487 3561 537 3623; x_wconf 77' lang='grc' dir='ltr'><strong>καὶ</strong></span> <span class='ocrx_word' id='word_1_308' title='bbox 561 3563 826 3643; x_wconf 77' lang='grc' dir='ltr'>σκανοπαγείυθων</span> <span class='ocrx_word' id='word_1_309' title='bbox 845 3555 888 3642; x_wconf 90' lang='lat' dir='ltr'><strong>(n.</strong></span> <span class='ocrx_word' id='word_1_310' title='bbox 910 3557 988 3644; x_wconf 82' lang='grc'><strong>137)</strong></span> <span class='ocrx_word' id='word_1_311' title='bbox 1008 3555 1102 3644; x_wconf 57' lang='lat' dir='ltr'><strong>agir)</strong></span> <span class='ocrx_word' id='word_1_312' title='bbox 1126 3567 1156 3623; x_wconf 86' lang='lat' dir='ltr'><strong>et</strong></span> <span class='ocrx_word' id='word_1_313' title='bbox 1179 3563 1315 3639; x_wconf 80' lang='lat' dir='ltr'><strong>exempla</strong></span> <span class='ocrx_word' id='word_1_314' title='bbox 1333 3562 1463 3639; x_wconf 69' lang='lat' dir='ltr'><strong>quidem,</strong></span> <span class='ocrx_word' id='word_1_315' title='bbox 1483 3564 1551 3639; x_wconf 91' lang='lat' dir='ltr'><strong>qui·</strong></span> 
     </span>
     <span class='ocr_line' id='line_1_32' title="bbox 238 3653 1551 3744; baseline -0.002 -22"><span class='ocrx_word' id='word_1_316' title='bbox 238 3663 293 3722; x_wconf 89' lang='lat' dir='ltr'><strong>bus</strong></span> <span class='ocrx_word' id='word_1_317' title='bbox 311 3663 372 3722; x_wconf 89' lang='lat' dir='ltr'><strong>iam</strong></span> <span class='ocrx_word' id='word_1_318' title='bbox 392 3663 463 3722; x_wconf 90' lang='lat' dir='ltr'><strong>olim</strong></span> <span class='ocrx_word' id='word_1_319' title='bbox 478 3653 639 3744; x_wconf 74' lang='lat' dir='ltr'><strong>Foucart‘)</strong></span> <span class='ocrx_word' id='word_1_320' title='bbox 654 3662 733 3721; x_wconf 88' lang='lat' dir='ltr'><strong>hunc</strong></span> <span class='ocrx_word' id='word_1_321' title='bbox 750 3679 864 3720; x_wconf 90' lang='lat' dir='ltr'><strong>morem</strong></span> <span class='ocrx_word' id='word_1_322' title='bbox 883 3661 962 3738; x_wconf 88' lang='lat' dir='ltr'><strong>apud</strong></span> <span class='ocrx_word' id='word_1_323' title='bbox 978 3659 1106 3720; x_wconf 87' lang='lat' dir='ltr'><strong>Graecos</strong></span> <span class='ocrx_word' id='word_1_324' title='bbox 1120 3661 1278 3740; x_wconf 76' lang='lat' dir='ltr'><strong>vulgatum</strong></span> <span class='ocrx_word' id='word_1_325' title='bbox 1297 3653 1422 3738; x_wconf 78' lang='lat' dir='ltr'><strong>fuisse⁵)</strong></span> <span class='ocrx_word' id='word_1_326' title='bbox 1437 3661 1551 3736; x_wconf 77' lang='lat' dir='ltr'><strong>docuit,</strong></span> 
     </span>
     <span class='ocr_line' id='line_1_33' title="bbox 239 3757 1550 3838; baseline -0.002 -18"><span class='ocrx_word' id='word_1_327' title='bbox 239 3762 351 3838; x_wconf 89' lang='lat' dir='ltr'><strong>optime</strong></span> <span class='ocrx_word' id='word_1_328' title='bbox 375 3761 471 3835; x_wconf 85' lang='lat' dir='ltr'><strong>auxit,</strong></span> <span class='ocrx_word' id='word_1_329' title='bbox 499 3759 550 3820; x_wconf 89' lang='lat' dir='ltr'><strong>sed</strong></span> <span class='ocrx_word' id='word_1_330' title='bbox 577 3760 657 3836; x_wconf 92' lang='lat' dir='ltr'><strong>quod</strong></span> <span class='ocrx_word' id='word_1_331' title='bbox 684 3778 747 3818; x_wconf 90' lang='lat' dir='ltr'><strong>rem</strong></span> <span class='ocrx_word' id='word_1_332' title='bbox 770 3760 867 3835; x_wconf 89' lang='lat' dir='ltr'><strong>ipsam</strong></span> <span class='ocrx_word' id='word_1_333' title='bbox 889 3761 935 3819; x_wconf 90' lang='lat' dir='ltr'><strong>ita</strong></span> <span class='ocrx_word' id='word_1_334' title='bbox 957 3758 1106 3834; x_wconf 82' lang='lat' dir='ltr'><strong>definivit,</strong></span> <span class='ocrx_word' id='word_1_335' title='bbox 1134 3761 1170 3818; x_wconf 91' lang='lat' dir='ltr'><strong>ut</strong></span> <span class='ocrx_word' id='word_1_336' title='bbox 1197 3759 1309 3819; x_wconf 89' lang='lat' dir='ltr'><strong>diceret</strong></span> <span class='ocrx_word' id='word_1_337' title='bbox 1332 3757 1459 3818; x_wconf 85' lang='lat' dir='ltr'><strong>Graecos</strong></span> <span class='ocrx_word' id='word_1_338' title='bbox 1483 3771 1550 3818; x_wconf 82' lang='lat' dir='ltr'><strong>ten·</strong></span> 
     </span>
     <span class='ocr_line' id='line_1_34' title="bbox 238 3855 1551 3936; baseline -0.004 -17"><span class='ocrx_word' id='word_1_339' title='bbox 238 3859 317 3919; x_wconf 87' lang='lat' dir='ltr'><strong>toria</strong></span> <span class='ocrx_word' id='word_1_340' title='bbox 340 3858 394 3916; x_wconf 92' lang='lat' dir='ltr'><strong>illa</strong></span> <span class='ocrx_word' id='word_1_341' title='bbox 417 3859 509 3932; x_wconf 84' lang='lat' dir='ltr'><strong>feriis,</strong></span> <span class='ocrx_word' id='word_1_342' title='bbox 531 3859 721 3936; x_wconf 83' lang='lat' dir='ltr'><strong>panegyricis</strong></span> <span class='ocrx_word' id='word_1_343' title='bbox 739 3858 930 3932; x_wconf 82' lang='lat' dir='ltr'><strong>pracsertim,</strong></span> <span class='ocrx_word' id='word_1_344' title='bbox 953 3860 1088 3916; x_wconf 81' lang='lat' dir='ltr'><strong>extruere</strong></span> <span class='ocrx_word' id='word_1_345' title='bbox 1111 3859 1310 3932; x_wconf 86' lang='lat' dir='ltr'><strong>consuevisse,</strong></span> <span class='ocrx_word' id='word_1_346' title='bbox 1332 3858 1368 3914; x_wconf 86' lang='lat' dir='ltr'><strong>nt</strong></span> <span class='ocrx_word' id='word_1_347' title='bbox 1390 3855 1432 3914; x_wconf 89' lang='lat' dir='ltr'><strong>ibi</strong></span> <span class='ocrx_word' id='word_1_348' title='bbox 1456 3857 1551 3916; x_wconf 75' lang='lat' dir='ltr'><strong>sueri</strong></span> 
     </span>
     <span class='ocr_line' id='line_1_35' title="bbox 239 3947 1551 4036; baseline -0.002 -21"><span class='ocrx_word' id='word_1_349' title='bbox 239 3958 354 4016; x_wconf 86' lang='lat' dir='ltr'><strong>monias</strong></span> <span class='ocrx_word' id='word_1_350' title='bbox 379 3956 523 4032; x_wconf 88' lang='lat' dir='ltr'><strong>quasdam</strong></span> <span class='ocrx_word' id='word_1_351' title='bbox 546 3947 719 4036; x_wconf 81' lang='lat' dir='ltr'><strong>facerent⁶)‚</strong></span> <span class='ocrx_word' id='word_1_352' title='bbox 742 3954 814 4014; x_wconf 89' lang='lat' dir='ltr'><strong>mihi</strong></span> <span class='ocrx_word' id='word_1_353' title='bbox 840 3973 899 4014; x_wconf 93' lang='lat' dir='ltr'><strong>non</strong></span> <span class='ocrx_word' id='word_1_354' title='bbox 922 3956 1079 4030; x_wconf 86' lang='lat' dir='ltr'><strong>persuasit.</strong></span> <span class='ocrx_word' id='word_1_355' title='bbox 1117 3953 1220 4031; x_wconf 90' lang='lat' dir='ltr'><strong>Neque</strong></span> <span class='ocrx_word' id='word_1_356' title='bbox 1243 3955 1323 4013; x_wconf 87' lang='lat' dir='ltr'><strong>enim</strong></span> <span class='ocrx_word' id='word_1_357' title='bbox 1346 3953 1382 4012; x_wconf 90' lang='lat' dir='ltr'><strong>de</strong></span> <span class='ocrx_word' id='word_1_358' title='bbox 1403 3953 1551 4012; x_wconf 89' lang='lat' dir='ltr'><strong>eiusmodi</strong></span> 
     </span>
     <span class='ocr_line' id='line_1_36' title="bbox 239 4051 1551 4130; baseline 0 -18"><span class='ocrx_word' id='word_1_359' title='bbox 239 4053 488 4114; x_wconf 88' lang='lat' dir='ltr'><strong>reconditioribus</strong></span> <span class='ocrx_word' id='word_1_360' title='bbox 515 4052 703 4115; x_wconf 85' lang='lat' dir='ltr'><strong>caerimoniis</strong></span> <span class='ocrx_word' id='word_1_361' title='bbox 732 4054 892 4129; x_wconf 88' lang='lat' dir='ltr'><strong>quicquam</strong></span> <span class='ocrx_word' id='word_1_362' title='bbox 920 4052 1051 4112; x_wconf 90' lang='lat' dir='ltr'><strong>traditur</strong></span> <span class='ocrx_word' id='word_1_363' title='bbox 1078 4072 1174 4130; x_wconf 88' lang='lat' dir='ltr'><strong>neque</strong></span> <span class='ocrx_word' id='word_1_364' title='bbox 1201 4052 1232 4112; x_wconf 92' lang='lat' dir='ltr'><strong>id</strong></span> <span class='ocrx_word' id='word_1_365' title='bbox 1261 4071 1328 4112; x_wconf 90' lang='lat' dir='ltr'><strong>oum</strong></span> <span class='ocrx_word' id='word_1_366' title='bbox 1356 4053 1430 4127; x_wconf 86' lang='lat' dir='ltr'><strong>ipsis</strong></span> <span class='ocrx_word' id='word_1_367' title='bbox 1459 4051 1551 4112; x_wconf 88' lang='lat' dir='ltr'><strong>huius</strong></span> 
     </span>
    </p>
   </div>
   <div class='ocr_carea' id='block_1_9' title="bbox 240 4257 1548 4809">
    <p class='ocr_par' dir='ltr' id='par_1_12' title="bbox 330 4257 1124 4328">
     <span class='ocr_line' id='line_1_37' title="bbox 330 4257 1124 4328; baseline -0.004 -14"><span class='ocrx_word' id='word_1_368' title='bbox 330 4262 355 4328; x_wconf 89' lang='lat'><strong>1)</strong></span> <span class='ocrx_word' id='word_1_369' title='bbox 383 4259 546 4315; x_wconf 86' lang='lat' dir='ltr'><strong>litteratura</strong></span> <span class='ocrx_word' id='word_1_370' title='bbox 563 4260 687 4313; x_wconf 88' lang='lat' dir='ltr'><strong>nondum</strong></span> <span class='ocrx_word' id='word_1_371' title='bbox 706 4257 801 4313; x_wconf 88' lang='lat' dir='ltr'><strong>Ionica</strong></span> <span class='ocrx_word' id='word_1_372' title='bbox 820 4261 863 4313; x_wconf 85' lang='lat' dir='ltr'><strong>est</strong></span> <span class='ocrx_word' id='word_1_373' title='bbox 881 4260 972 4328; x_wconf 73' lang='lat'>(1777,</span> <span class='ocrx_word' id='word_1_374' title='bbox 992 4258 1042 4313; x_wconf 89' lang='lat' dir='ltr'><strong>sed</strong></span> <span class='ocrx_word' id='word_1_375' title='bbox 1061 4259 1124 4328; x_wconf 76' lang='grc' dir='ltr'><strong>ΘΣ).</strong></span> 
     </span>
    </p>

    <p class='ocr_par' dir='ltr' id='par_1_13' title="bbox 330 4339 1477 4408">
     <span class='ocr_line' id='line_1_38' title="bbox 330 4339 1477 4408; baseline -0.004 -15"><span class='ocrx_word' id='word_1_376' title='bbox 330 4343 357 4408; x_wconf 80' lang='grc'><strong>9)</strong></span> <span class='ocrx_word' id='word_1_377' title='bbox 385 4341 420 4394; x_wconf 83' lang='lat' dir='ltr'><strong>cf.</strong></span> <span class='ocrx_word' id='word_1_378' title='bbox 439 4340 514 4394; x_wconf 81' lang='lat' dir='ltr'><strong>Korn</strong></span> <span class='ocrx_word' id='word_1_379' title='bbox 534 4341 622 4396; x_wconf 70' lang='grc' dir='ltr'>Βοῶν.</span> <span class='ocrx_word' id='word_1_380' title='bbox 636 4357 688 4395; x_wconf 75' lang='grc' dir='ltr'><strong>αντ</strong></span> <span class='ocrx_word' id='word_1_381' title='bbox 708 4340 799 4396; x_wconf 71' lang='grc' dir='ltr'>θωςίι.</span> <span class='ocrx_word' id='word_1_382' title='bbox 814 4339 840 4394; x_wconf 75' lang='lat' dir='ltr'><strong>d.</strong></span> <span class='ocrx_word' id='word_1_383' title='bbox 859 4339 964 4402; x_wconf 65' lang='grc' dir='ltr'><strong>(ἔντερά.</strong></span> <span class='ocrx_word' id='word_1_384' title='bbox 980 4339 1083 4394; x_wconf 77' lang='lat' dir='ltr'><strong>Philae.</strong></span> <span class='ocrx_word' id='word_1_385' title='bbox 1098 4355 1125 4392; x_wconf 82' lang='lat' dir='ltr'><strong>u.</strong></span> <span class='ocrx_word' id='word_1_386' title='bbox 1142 4339 1231 4408; x_wconf 66' lang='lat' dir='ltr'><strong>Rszip.</strong></span> <span class='ocrx_word' id='word_1_387' title='bbox 1248 4342 1316 4392; x_wconf 76' lang='grc'><strong>1898</strong></span> <span class='ocrx_word' id='word_1_388' title='bbox 1335 4355 1362 4406; x_wconf 90' lang='lat' dir='ltr'><strong>p.</strong></span> <span class='ocrx_word' id='word_1_389' title='bbox 1379 4343 1430 4391; x_wconf 84' lang='lat'><strong>114</strong></span> <span class='ocrx_word' id='word_1_390' title='bbox 1437 4353 1477 4405; x_wconf 87' lang='lat' dir='ltr'><strong>sq.</strong></span> 
     </span>
    </p>

    <p class='ocr_par' dir='ltr' id='par_1_14' title="bbox 330 4419 897 4490">
     <span class='ocr_line' id='line_1_39' title="bbox 330 4419 897 4490; baseline 0.002 -17"><span class='ocrx_word' id='word_1_391' title='bbox 330 4421 356 4489; x_wconf 85' lang='lat'><strong>3)</strong></span> <span class='ocrx_word' id='word_1_392' title='bbox 386 4421 476 4476; x_wconf 80' lang='lat' dir='ltr'><strong>MAI</strong></span> <span class='ocrx_word' id='word_1_393' title='bbox 489 4419 554 4475; x_wconf 88' lang='lat' dir='ltr'><strong>XVI</strong></span> <span class='ocrx_word' id='word_1_394' title='bbox 572 4422 663 4489; x_wconf 85' lang='grc'><strong>(1891)</strong></span> <span class='ocrx_word' id='word_1_395' title='bbox 682 4438 709 4490; x_wconf 93' lang='lat' dir='ltr'><strong>p.</strong></span> <span class='ocrx_word' id='word_1_396' title='bbox 724 4423 874 4474; x_wconf 77' lang='grc'><strong>419-416.</strong></span> <span class='ocrx_word' id='word_1_397' title='bbox 895 4439 897 4443; x_wconf 64' lang='grc'>’</span> 
     </span>
    </p>

    <p class='ocr_par' dir='ltr' id='par_1_15' title="bbox 240 4497 1548 4809">
     <span class='ocr_line' id='line_1_40' title="bbox 329 4497 1548 4572; baseline -0.001 -18"><span class='ocrx_word' id='word_1_398' title='bbox 329 4502 357 4570; x_wconf 76' lang='grc'><strong>4)</strong></span> <span class='ocrx_word' id='word_1_399' title='bbox 384 4500 420 4553; x_wconf 89' lang='lat' dir='ltr'><strong>ad</strong></span> <span class='ocrx_word' id='word_1_400' title='bbox 448 4501 520 4572; x_wconf 79' lang='lat' dir='ltr'><strong>legis</strong></span> <span class='ocrx_word' id='word_1_401' title='bbox 547 4499 694 4554; x_wconf 85' lang='lat' dir='ltr'><strong>Andaniae</strong></span> <span class='ocrx_word' id='word_1_402' title='bbox 721 4500 756 4554; x_wconf 87' lang='lat' dir='ltr'><strong>de</strong></span> <span class='ocrx_word' id='word_1_403' title='bbox 784 4499 837 4553; x_wconf 85' lang='lat' dir='ltr'><strong>hac</strong></span> <span class='ocrx_word' id='word_1_404' title='bbox 863 4515 893 4553; x_wconf 91' lang='lat' dir='ltr'><strong>re</strong></span> <span class='ocrx_word' id='word_1_405' title='bbox 925 4501 1077 4569; x_wconf 81' lang='lat' dir='ltr'><strong>praecepta</strong></span> <span class='ocrx_word' id='word_1_406' title='bbox 1101 4499 1131 4552; x_wconf 88' lang='lat' dir='ltr'><strong>in</strong></span> <span class='ocrx_word' id='word_1_407' title='bbox 1159 4514 1257 4552; x_wconf 88' lang='lat' dir='ltr'><strong>comm.</strong></span> <span class='ocrx_word' id='word_1_408' title='bbox 1282 4498 1318 4552; x_wconf 84' lang='lat' dir='ltr'><strong>ad</strong></span> <span class='ocrx_word' id='word_1_409' title='bbox 1347 4497 1548 4553; x_wconf 64' lang='lat' dir='ltr'><strong>Locos-Insa.</strong></span> 
     </span>
     <span class='ocr_line' id='line_1_41' title="bbox 240 4577 699 4635; baseline 0 -3"><span class='ocrx_word' id='word_1_410' title='bbox 240 4577 366 4635; x_wconf 69' lang='lat' dir='ltr'><strong>licita.</strong></span> <span class='ocrx_word' id='word_1_411' title='bbox 692 4609 699 4622; x_wconf 84' lang='lat'><strong>..</strong></span> 
     </span>
     <span class='ocr_line' id='line_1_42' title="bbox 330 4657 1548 4729; baseline -0.002 -16"><span class='ocrx_word' id='word_1_412' title='bbox 330 4663 356 4728; x_wconf 77' lang='grc' dir='ltr'><strong>ά)</strong></span> <span class='ocrx_word' id='word_1_413' title='bbox 385 4659 421 4713; x_wconf 86' lang='lat' dir='ltr'><strong>cf.</strong></span> <span class='ocrx_word' id='word_1_414' title='bbox 443 4662 556 4728; x_wconf 79' lang='lat' dir='ltr'><strong>praeter</strong></span> <span class='ocrx_word' id='word_1_415' title='bbox 580 4660 625 4714; x_wconf 89' lang='lat' dir='ltr'><strong>tit.</strong></span> <span class='ocrx_word' id='word_1_416' title='bbox 650 4658 736 4714; x_wconf 84' lang='lat' dir='ltr'><strong>Coum</strong></span> <span class='ocrx_word' id='word_1_417' title='bbox 758 4678 785 4714; x_wconf 89' lang='lat' dir='ltr'><strong>n.</strong></span> <span class='ocrx_word' id='word_1_418' title='bbox 806 4663 856 4713; x_wconf 81' lang='lat'><strong>1³7</strong></span> <span class='ocrx_word' id='word_1_419' title='bbox 881 4662 910 4714; x_wconf 84' lang='lat' dir='ltr'><strong>et</strong></span> <span class='ocrx_word' id='word_1_420' title='bbox 932 4659 1042 4713; x_wconf 93' lang='lat' dir='ltr'><strong>Andan.</strong></span> <span class='ocrx_word' id='word_1_421' title='bbox 1065 4677 1092 4714; x_wconf 89' lang='lat' dir='ltr'><strong>n.</strong></span> <span class='ocrx_word' id='word_1_422' title='bbox 1113 4663 1147 4712; x_wconf 80' lang='grc'><strong>58</strong></span> <span class='ocrx_word' id='word_1_423' title='bbox 1170 4663 1186 4725; x_wconf 66' lang='grc' dir='ltr'>ξ</span> <span class='ocrx_word' id='word_1_424' title='bbox 1207 4662 1222 4712; x_wconf 92' lang='lat'>7</span> <span class='ocrx_word' id='word_1_425' title='bbox 1245 4657 1371 4712; x_wconf 79' lang='lat' dir='ltr'><strong>Dittenb.</strong></span> <span class='ocrx_word' id='word_1_426' title='bbox 1395 4657 1477 4729; x_wconf 73' lang='lat' dir='ltr'><strong>8qu</strong></span> <span class='ocrx_word' id='word_1_427' title='bbox 1497 4661 1548 4710; x_wconf 87' lang='grc'><strong>189</strong></span> 
     </span>
     <span class='ocr_line' id='line_1_43' title="bbox 242 4737 1091 4809; baseline 0.004 -20"><span class='ocrx_word' id='word_1_428' title='bbox 242 4756 265 4791; x_wconf 83' lang='lat' dir='ltr'><strong>v.</strong></span> <span class='ocrx_word' id='word_1_429' title='bbox 282 4745 327 4807; x_wconf 72' lang='lat'><strong>11³</strong></span> <span class='ocrx_word' id='word_1_430' title='bbox 347 4738 429 4809; x_wconf 57' lang='lat' dir='ltr'><strong>Syn!</strong></span> <span class='ocrx_word' id='word_1_431' title='bbox 448 4739 555 4806; x_wconf 74' lang='lat' dir='ltr'><strong>urin.</strong></span> <span class='ocrx_word' id='word_1_432' title='bbox 576 4745 626 4794; x_wconf 75' lang='grc' dir='ltr'><strong>τοι</strong></span> <span class='ocrx_word' id='word_1_433' title='bbox 646 4757 670 4793; x_wconf 85' lang='lat' dir='ltr'><strong>v.</strong></span> <span class='ocrx_word' id='word_1_434' title='bbox 687 4745 711 4807; x_wconf 78' lang='lat' dir='ltr'><strong>a,</strong></span> <span class='ocrx_word' id='word_1_435' title='bbox 731 4739 825 4794; x_wconf 75' lang='grc' dir='ltr'><strong>ΒΘΗ</strong></span> <span class='ocrx_word' id='word_1_436' title='bbox 839 4737 878 4792; x_wconf 82' lang='lat' dir='ltr'><strong>xl</strong></span> <span class='ocrx_word' id='word_1_437' title='bbox 896 4757 923 4809; x_wconf 79' lang='lat' dir='ltr'><strong>p.</strong></span> <span class='ocrx_word' id='word_1_438' title='bbox 939 4744 991 4794; x_wconf 84' lang='lat' dir='ltr'><strong>aso</strong></span> <span class='ocrx_word' id='word_1_439' title='bbox 1010 4758 1034 4794; x_wconf 81' lang='lat' dir='ltr'><strong>v.</strong></span> <span class='ocrx_word' id='word_1_440' title='bbox 1049 4744 1091 4794; x_wconf 79' lang='lat' dir='ltr'><strong>so.</strong></span> 
     </span>
    </p>
   </div>
   <div class='ocr_carea' id='block_1_10' title="bbox 242 4817 1549 4952">
    <p class='ocr_par' dir='ltr' id='par_1_16' title="bbox 242 4817 1549 4952">
     <span class='ocr_line' id='line_1_44' title="bbox 311 4817 1549 4950; baseline 0.002 -79"><span class='ocrx_word' id='word_1_441' title='bbox 311 4821 358 4950; x_wconf 61' lang='grc' dir='ltr'><strong>ἢ8)</strong></span> <span class='ocrx_word' id='word_1_442' title='bbox 387 4817 449 4925; x_wconf 53' lang='grc' dir='ltr'>’,αντ</span> <span class='ocrx_word' id='word_1_443' title='bbox 475 4821 508 4873; x_wconf 80' lang='lat' dir='ltr'><strong>in</strong></span> <span class='ocrx_word' id='word_1_444' title='bbox 535 4819 676 4876; x_wconf 73' lang='lat' dir='ltr'><strong>desselben</strong></span> <span class='ocrx_word' id='word_1_445' title='bbox 703 4818 832 4875; x_wconf 72' lang='lat' dir='ltr'><strong>witrend</strong></span> <span class='ocrx_word' id='word_1_446' title='bbox 858 4820 906 4874; x_wconf 84' lang='lat' dir='ltr'><strong>der</strong></span> <span class='ocrx_word' id='word_1_447' title='bbox 933 4821 1014 4875; x_wconf 82' lang='lat' dir='ltr'><strong>Fcier</strong></span> <span class='ocrx_word' id='word_1_448' title='bbox 1042 4820 1186 4875; x_wconf 82' lang='lat' dir='ltr'><strong>bestimmtc</strong></span> <span class='ocrx_word' id='word_1_449' title='bbox 1211 4819 1460 4890; x_wconf 62' lang='lat' dir='ltr'><strong>Rationalem</strong></span> <span class='ocrx_word' id='word_1_450' title='bbox 1490 4833 1549 4874; x_wconf 83' lang='lat' dir='ltr'><strong>cor·</strong></span> 
     </span>
     <span class='ocr_line' id='line_1_45' title="bbox 242 4913 396 4952; baseline 0.013 -2"><span class='ocrx_word' id='word_1_451' title='bbox 242 4913 311 4952; x_wconf 79' lang='lat' dir='ltr'><strong>runc</strong></span> <span class='ocrx_word' id='word_1_452' title='bbox 331 4915 396 4952; x_wconf 83' lang='grc' dir='ltr'>νιεα.</span> 
     </span>
    </p>
   </div>
   <div class='ocr_carea' id='block_1_11' title="bbox 0 0 1723 5462">
    <p class='ocr_par' dir='ltr' id='par_1_17' title="bbox 0 0 1723 5462">
     <span class='ocr_line' id='line_1_46' title="bbox 0 0 1723 5462; baseline 0 0"><span class='ocrx_word' id='word_1_453' title='bbox 0 0 1723 5462; x_wconf 95' lang='lat' dir='ltr'><strong> </strong></span> 
     </span>
    </p>
   </div>
  </div>
 </body>
</html>
