3434 5464
693 333 788 390 COAE
808 353 837 390 n.
855 339 906 390 140
1388 334 1453 400 345

145 497 233 586 tur.⁶)
281 503 339 564 Sed
363 523 421 580 quo
444 525 565 564 munere
588 505 611 564 ii
634 503 826 578 fi1notisint,
855 507 890 564 ut
911 523 990 564 nuno
1013 505 1105 564 dubia
1127 508 1173 564 est
1199 505 1287 565 leutio
1311 507 1455 581 v.1-3,

145 607 226 664 oerto
246 603 305 663 diei
323 605 437 680 nequit,
455 605 513 664 etsi
530 604 611 664 infra
629 603 703 681 quid
721 604 853 680 suspicer
871 603 1026 663 enuntiare
1045 604 1167 664 audebo.
1202 603 1373 681 Sequuntur
1391 624 1419 662 τ.
1436 605 1452 661 7

144 699 190 762 τοὶ
213 699 438 782 ἐργολαβεῦντες
456 700 487 762 τὸ
506 699 587 782 ἱερὸν
605 698 625 780 ἢ
645 701 788 780 δαμόοιον
807 699 905 781 topos:
929 702 1088 762 articulum
1106 699 1148 780 τό,
1172 721 1232 778 quo
1251 700 1455 761 offendebatur

145 799 276 878 Herzog,
305 800 400 859 solum
424 800 463 859 ad
485 819 587 860 uoeem
610 798 691 880 ίερόν
714 799 862 877 pertinere
885 799 987 860 docuit
1005 800 1085 860 Keil:
1115 796 1185 870 ‘dia
1208 801 1309 860 welche
1332 801 1378 860 dte
1396 798 1455 858 Ar·

145 899 238 958 belles
260 901 301 958 ιἰκ
322 898 435 958 Hieron
455 899 527 958 οδοι
550 901 611 958 une
629 916 695 958 οοιιι
712 897 813 958 Stante
830 899 984 974 verpebczse
997 897 1101 960 Arbeit
1117 900 1323 959 λδοτοοοικιοκ
1340 893 1453 958 buben?

145 995 359 1072 Redemptores
387 996 576 1072 publicorum
603 1015 726 1074 operum
753 995 898 1057 saerifiaia
925 997 1060 1056 debuisse
1088 996 1167 1074 apud
1195 996 1322 1056 Graecos
1350 999 1455 1056 notum

146 1099 192 1154 est
216 1085 323 1176 (Bekk.
342 1093 486 1154 Aneodot.
506 1095 521 1154 I
541 1097 604 1154 432
629 1092 687 1156 δτττδ
711 1094 913 1174 μισθωμοίτοτν
936 1094 1035 1156 θύειν
1061 1095 1093 1156 ol
1109 1088 1232 1155 ’Λττικολ
1255 1093 1354 1174 ἔλεγον
1377 1093 1455 1154 οὕτω

146 1191 291 1270 δημοσίας
323 1193 433 1266 θυσίας
465 1189 502 1266 δίς
533 1191 760 1274 ἐργολαβοῦντας
791 1185 937 1275 ἐτέλοον),
970 1196 1059 1269 atque
1090 1194 1181 1254 etiam
1208 1196 1339 1270 pretium
1367 1193 1454 1252 saeri-

145 1291 281 1350 fioiorum
309 1310 411 1352 eorum
438 1311 493 1368 pro
516 1310 639 1351 numero
667 1312 798 1368 operum,
827 1311 903 1369 quae
930 1293 1129 1368 redemerant,
1157 1296 1278 1353 auctum
1302 1311 1364 1352 esse
1388 1311 1455 1352 oon·

149 1392 323 1449 sentaneum
355 1393 408 1449 est.
455 1389 597 1450 Dubitari
627 1394 728 1467 potest
760 1392 845 1451 unios
874 1391 910 1450 de
937 1391 1018 1452 voeis
1046 1388 1169 1475 τραττέζρι
1201 1391 1456 1468 interpretatione,

148 1507 224 1564 quae
246 1491 349 1548 nmen
371 1488 454 1548 nullo
477 1489 565 1549 modo
589 1489 720 1566 separari
744 1491 844 1565 potest
867 1509 885 1549 a
911 1490 1002 1550 tertio
1024 1492 1184 1566 praecepto
1207 1487 1328 1550 θυόντο
1351 1485 1455 1549 δὲκαὶ

147 1583 192 1646 τοί
215 1583 463 1664 ἀποδεικνύμενοι
484 1585 592 1659 πάντες
615 1585 674 1649 tut
698 1595 757 1647 τῶν
779 1588 965 1666 τραπεζειτᾶν
983 1584 1003 1667 ἢ
1022 1584 1116 1660 ἄλλως
1136 1608 1200 1660 κως
1218 1587 1390 1661 καθίζοντες
1408 1584 1454 1647 tul

147 1682 201 1744 τὰν
224 1682 378 1766 τράπεζαν,
409 1684 517 1760 quibus
549 1688 581 1744 in
613 1685 711 1746 verbis
740 1705 858 1746 summa
885 1687 978 1747 totius
1006 1687 1090 1748 tituli
1118 1686 1282 1746 difficultas
1310 1686 1455 1747 consistit

147 1783 264 1860 Herzog
287 1803 313 1842 v.
337 1784 378 1842 10
401 1786 432 1842 et
457 1785 496 1843 19
526 1801 642 1843 sacram
665 1782 788 1844 dearum
811 1803 944 1844 mensam
967 1785 1127 1860 intellexit,
1159 1787 1251 1846 v.10
1277 1783 1366 1844 θύειν
1389 1805 1456 1864 τρα-

146 1879 229 1963 ττέζᾳ,
251 1881 300 1940 hie
322 1880 495 1953 καθίζοντες
517 1878 566 1940 ἐπί
583 1879 637 1941 τὰν
651 1881 795 1961 τροίττεζαν
809 1883 914 1964 ἱερεῖον
934 1886 1112 1962 coniungere
1131 1902 1230 1958 ausus,
1249 1885 1353 1943 oontm
1370 1902 1398 1941 a.
1415 1883 1455 1942 18

148 1972 222 2061 (δκδ
241 1987 300 2038 τῶν
318 1971 517 2060 τραπεζειτᾶν)
541 1983 705 2040 mensurius
728 1982 863 2058 privatos
886 1982 945 2040 diei
963 1984 1051 2056 putat
1073 1983 1162 2041 malis
1181 1981 1287 2041 duetus
1306 1979 1455 2057 auspiciis.

146 2077 225 2136 Nam
251 2077 276 2136 si
305 2077 463 2153 quiequam
492 2081 605 2136 eertum
629 2081 686 2156 est,
713 2079 745 2137 id
775 2081 888 2140 eertum
916 2079 1036 2139 videtur
1058 2101 1084 2139 v.
1107 2081 1147 2139 18
1171 2083 1202 2138 et
1228 2082 1266 2138 19
1295 2079 1327 2138 in
1355 2079 1456 2138 eodem

147 2194 267 2251 unoque
304 2177 459 2234 enuntiato
495 2177 616 2236 uocibus
653 2177 817 2255 τραπεζῖται
858 2181 887 2238 et
923 2177 1046 2255 τράπεζα
1088 2198 1147 2238 non
1183 2196 1269 2255 posse
1310 2177 1457 2236 diversam

146 2274 299 2333 notionem
321 2274 430 2348 inesse,
455 2273 546 2334 immo
570 2275 616 2334 his
639 2275 736 2335 tribus
759 2275 832 2335 loeis
861 2276 896 2336 de
924 2275 1027 2335 eadem
1054 2297 1086 2334 re
1110 2278 1168 2354 agi
1213 2276 1321 2352 Itaque
1343 2275 1400 2334 hae
1422 2293 1457 2334 ex
1507 2298 1510 2304 ·

148 2376 234 2448 parte
257 2371 363 2430 melius
386 2371 502 2447 Kaibel,
525 2373 578 2450 qui
602 2376 685 2434 utu.
708 2377 748 2434 10
772 2377 802 2434 et
824 2376 867 2444 19
890 2393 1023 2434 mensam
1047 2375 1180 2449 dearum,
1202 2376 1247 2434 ita
1270 2394 1297 2434 τ.
1323 2375 1359 2432 18
1385 2393 1457 2450 quo-

148 2490 205 2546 que
228 2471 316 2529 hunus
340 2489 459 2530 mensae
482 2471 633 2532 ministros
661 2491 761 2533 saeros
788 2474 950 2553 intellegit:
984 2469 1046 2534 ‘dte
1067 2473 1221 2547 Solsuffner
1243 2475 1293 2532 des
1318 2473 1456 2546 Toupels,

148 2570 194 2628 die
225 2571 259 2628 ιἰι
290 2570 397 2628 diesem
420 2569 506 2629 Falla
532 2571 580 2630 dte
605 2572 729 2645 beiliyea
750 2573 928 2632 Μαλίκτίλτκ
955 2573 1107 2632 οκοιδιιοκ
1134 2573 1198 2632 und
1225 2572 1272 2632 die
1296 2570 1386 2630 Gdste
1412 2571 1458 2630 be·

147 2659 313 2746 sttmmeu')
337 2663 577 2744 (δικοδεικνύασι)
611 2701 651 2710 -
682 2701 723 2710 -
753 2691 817 2741 -;
847 2671 968 2730 mansue
999 2689 1056 2729 νοκ
1087 2672 1143 2731 den
1172 2669 1285 2730 Gdsten
1312 2669 1458 2730 δνοκοίτοκ

148 2765 223 2824 οαοίι
248 2768 306 2824 urst
326 2766 406 2825 κλολλ
427 2767 568 2826 testimoni
589 2785 626 2826 κα
649 2768 772 2836 wadon,
796 2769 923 2828 εοοδεικ
945 2769 1040 2828 lobea
1062 2786 1103 2827 au
1120 2769 1181 2829 slat
1200 2769 1255 2828 dus
1273 2769 1371 2837 Raeti,
1393 2769 1458 2826 mit·

147 2865 313 2937 zueveltun:
340 2864 397 2923 das
423 2865 493 2924 sind
520 2865 566 2923 dle
593 2861 687 2936 ἄλλοις
716 2886 779 2938 κως
805 2867 978 2939 καθίζοντες
1000 2864 1048 2928 ἐπὶ
1070 2864 1126 2944 τὴν
1148 2861 1311 2944 sudwales?
1358 2866 1394 2924 V.
1416 2868 1457 2926 10

148 2964 263 3035 autem,
290 2961 344 3020 ubi
368 2961 606 3022 coniunctionem
627 2964 712 3023 illam
735 2962 811 3024 θύεν
834 2969 869 3048 τᾷ
892 2961 1017 3048 τραττέζρι
1039 2984 1165 3042 pravam
1189 2984 1252 3025 esse
1276 2965 1457 3040 verbumque

148 3057 318 3138 ἐργολαβεῖν
345 3079 412 3119 eum
440 3060 542 3120 dativo
569 3058 695 3144 τραττέζρι
722 3062 960 3141 coniungendum
990 3083 1053 3124 esse
1084 3063 1246 3138 intellexit,
1279 3063 1458 3123 senteutiam

148 3177 233 3216 suam
256 3159 313 3216 tali
336 3177 453 3218 mensae
477 3177 578 3220 saorse
598 3161 844 3237 interpretatione
868 3163 946 3221 tueri
969 3165 1092 3223 conatus
1115 3166 1173 3221 est:
1197 3156 1255 3222 ‘die
1277 3160 1402 3241 τροίττεζα
1420 3163 1459 3220 ist

148 3257 196 3315 δίο
209 3253 509 3334 Λαιλτοορτδει·λκ.(ἡ
529 3255 700 3332 ἐκδιδοῦσα)
726 3291 1024 3301 -----
1050 3278 1078 3319 es
1096 3263 1134 3320 ist
1152 3261 1279 3335 aupleioh
1297 3260 1344 3318 dte
1359 3258 1458 3332 Stulte,

148 3370 193 3412 τοο
216 3357 393 3430 ouspepebaz
415 3357 478 3414 ακεί
501 3357 715 3430 οέιιροιιοικιιιοκ
736 3357 826 3427 κίνδ,
852 3375 896 3418 τοο
919 3359 965 3417 δίο
989 3357 1172 3434 Opfsrpobeu
1200 3359 1374 3432 stupeliesert
1396 3358 1459 3416 ακδ

149 3449 197 3510 δίε
219 3451 393 3528 Ζαλλκκοεκ
417 3453 544 3529 pelaistet
565 3455 692 3523 τοττδειι,
721 3457 783 3515 also
807 3458 882 3514 οκολ
905 3457 951 3516 dte
972 3457 1082 3526 Kassa,
1113 3457 1182 3515 bald
1204 3457 1294 3526 ίολολ,
1322 3456 1391 3516 bold
1414 3457 1458 3514 be-

146 3551 280 3625 prs'fflieb
299 3547 422 3626 yefussl?
469 3553 511 3610 At
532 3571 649 3612 mensas
677 3571 776 3614 sacras
803 3554 924 3629 templis
952 3556 1042 3614 fuisse
1070 3556 1185 3614 aerario
1209 3557 1263 3614 aut
1286 3554 1347 3614 ullo
1371 3554 1459 3614 modo

149 3650 182 3706 in
206 3647 450 3709 administrandis
474 3651 606 3725 pecuniis
630 3651 721 3711 saeris
746 3651 896 3712 adhibitas
915 3671 978 3712 esse
997 3653 1079 3713 nullo
1098 3653 1270 3713 testimonio
1289 3652 1459 3712 confirmari

150 3750 257 3824 potest,
290 3747 380 3806 immo
412 3751 561 3826 repugnat
592 3749 740 3825 omnibus,
774 3769 849 3827 quae
880 3750 915 3810 de
946 3771 981 3810 ea
1006 3771 1038 3811 re
1070 3754 1225 3828 praeterea
1257 3743 1458 3830 traduntur.⁸)

150 3844 242 3904 Porro
263 3865 307 3920 ea,
331 3867 406 3924 quae
425 3849 460 3907 de
479 3848 632 3924 trapezitis
650 3849 791 3908 disseruit
808 3848 924 3924 Kaibel,
947 3852 1034 3909 aoute
1053 3852 1222 3928 excogitata
1240 3852 1318 3923 sunt,
1337 3852 1373 3908 ut
1391 3849 1458 3908 aliis

140 3959 268 4020 'quoque
296 3962 332 4003 ea
359 3947 481 4022 probari
507 3947 615 4006 mirum
643 3967 702 4007 non
729 3939 818 4027 sit9),
849 3966 903 4008 neo
934 3950 1036 4008 tamen
1064 3951 1146 4008 reeta
1173 3951 1251 4007 sunt.
1297 3947 1357 4007 Fae
1379 3947 1457 4006 enim

241 4136 268 4201 e)
295 4133 442 4203 utriusque
461 4135 603 4189 semestris
622 4134 805 4203 magistratus
824 4136 922 4190 eodem
941 4152 1036 4191 meuse
1054 4136 1140 4206 paulo
1155 4134 1287 4206 deinceps
1302 4135 1460 4190 saorifieare

152 4212 283 4268 debuisse
306 4213 405 4284 utique
429 4214 530 4269 mirum
554 4218 609 4280 est,
637 4215 729 4268 minus
753 4218 849 4270 tamen
871 4217 974 4270 mirum
998 4216 1128 4272 debuisse
1152 4233 1199 4271 eos
1222 4233 1317 4269 mense
1336 4218 1459 4270 extremo

152 4295 230 4348 sexto
250 4311 334 4363 quum
355 4296 478 4349 extremo
502 4295 635 4365 septim03
660 4311 747 4364 quare
765 4296 925 4350 Gerastium
944 4301 1053 4352 sertum
1077 4298 1143 4351 anni
1163 4312 1287 4351 mensem
1305 4296 1404 4362 fuisse,
1427 4298 1461 4349 ut

152 4374 243 4428 Paton
265 4374 405 4442 voluerat,
434 4391 489 4429 non
513 4377 677 4446 septimum,
705 4379 738 4430 ut
760 4375 887 4432 Bisthoff
907 4377 1011 4447 (Leipz.
1028 4379 1106 4434 δίκα.
1126 4377 1190 4431 XVI
1213 4396 1240 4447 p.
1261 4379 1322 4446 148)
1349 4377 1461 4447 Herzog

152 4454 252 4509 merito
270 4454 337 4508 bino
356 4454 479 4526 collegit.

243 4538 268 4604 7)
297 4536 418 4605 exempli
442 4553 528 4591 eausa
551 4535 634 4592 affert
655 4538 819 4594 testamenti
844 4537 1038 4593 Diomedontis
1061 4555 1087 4594 u.
1109 4537 1192 4593 1441)
1216 4556 1240 4592 v.
1260 4543 1375 4608 terum,
1403 4555 1460 4592 non

152 4617 248 4670 tamen
261 4617 346 4683 reete,
360 4632 426 4670 nam
441 4619 470 4671 et
484 4617 612 4672 eondioio
626 4618 828 4688 epimeniorum
842 4618 955 4673 illorum
970 4619 1082 4674 diversa
1095 4623 1138 4674 est
1151 4636 1204 4675 nee
1218 4618 1254 4672 de
1268 4618 1358 4689 epulis
1373 4618 1460 4674 saeris

154 4695 256 4767 agitur,
275 4696 306 4750 id
325 4697 400 4766 quod
419 4713 486 4752 sane
505 4715 561 4752 non
579 4699 662 4753 modo
682 4698 771 4767 illum,
790 4699 840 4753 sed
859 4700 946 4754 etiam
960 4699 1082 4755 editores
1097 4699 1189 4754 adhue
1208 4698 1291 4768 fugit,
1310 4698 1345 4753 ef.
1360 4717 1387 4769 p.
1399 4704 1459 4754 etl.

242 4779 269 4846 8)
298 4776 332 4830 of.
352 4777 497 4833 thesauros
516 4795 618 4846 saeros,
638 4779 673 4834 de
692 4779 795 4848 quibus
814 4778 869 4834 vid.
888 4799 916 4851 p.
933 4785 991 4834 185.

243 4860 269 4928 9)
303 4857 379 4913 velut
414 4859 564 4914 Bisohoffio
601 4859 677 4930 apud
715 4860 890 4916 Schoemann
905 4891 915 4902 ·
930 4860 1057 4932 lipsium
1095 4861 1201 4916 Grieet.
1234 4861 1399 4916 Altestslmer
1435 4859 1460 4912 II
