3450 5458
286 314 349 382 128
802 311 916 370 Lesas
936 309 1076 370 arcula

284 487 343 546 lem
366 506 390 545 e.
405 506 432 564 g.
452 487 572 562 profuse
595 483 755 546 exhibebat
775 485 830 545 illa
849 483 969 562 quidem
987 486 1072 564 regia
1089 503 1200 562 pompa
1218 484 1383 546 Ptolemaei
1396 484 1428 544 11
1446 483 1603 562 descripta

285 584 322 644 ab
349 584 420 644 Διά.
434 583 462 640 V
483 585 571 643 196ο
585 603 650 662 sqq.
700 584 780 643 Note
812 587 913 644 cutm
945 583 1039 659 ipsius
1067 583 1140 642 deae
1165 581 1279 660 κόσμον
1306 603 1366 644 non
1392 584 1603 644 sacerdotibus

284 683 459 742 mandatum
483 700 559 756 esse;
587 681 623 741 ef.
642 682 736 760 etiam
757 681 865 742 Michel
890 683 953 742 537
977 678 1029 753 τὰς
1053 680 1248 756 συντελούσας
1270 680 1340 754 τοὺς
1362 679 1494 760 κόσμους
1515 679 1602 759 παρὰ

284 789 319 865 τῇ
340 777 445 859 Μητρὶ
468 787 504 863 τῇ
524 781 680 864 Πλακιανῇ
703 777 755 840 καὶ
776 777 828 851 τὰς
851 777 1019 860 ἱεροποιοὺς
1040 775 1093 851 τὰς
1115 777 1409 860 προσαγορευομένας
1430 781 1601 852 θαλασσίας

284 876 410 950 καὶτὰς
433 875 583 950 συνούσας
605 872 668 956 μετ’
694 877 793 938 αὐτῶν
816 877 923 958 ἱερείας
943 881 1002 937 arl„

376 975 514 1036 (letarum
541 979 631 1036 etiam
659 976 787 1037 alterum
815 975 927 1036 decreti
953 979 1146 1052 pracceptum
1168 978 1333 1052 ν.16οηη.
1356 975 1392 1035 de
1415 971 1530 1060 ζακόρρ
1552 976 1601 1034 in-

286 1073 438 1136 stituenda
456 1093 472 1132 e
496 1093 611 1135 summa
634 1075 688 1134 illa
711 1075 822 1135 decreti
844 1076 961 1134 ratione
985 1073 1194 1150 explicandum
1216 1073 1347 1134 videtur:
1374 1093 1435 1134 non
1457 1073 1489 1132 id
1512 1092 1600 1133 cave·

285 1181 344 1248 tur,
368 1174 493 1249 nequis
517 1173 573 1233 hcc
596 1174 706 1233 honore
730 1173 853 1232 alterius
876 1174 975 1251 gratia
998 1172 1182 1247 excludatur,
1204 1172 1255 1232 sed
1277 1170 1309 1231 id
1332 1173 1455 1248 nequis
1477 1172 1600 1248 saepius

287 1291 379 1348 quam
401 1271 535 1349 reliquae
558 1290 632 1332 onus
655 1271 743 1332 buius
765 1271 886 1332 honoris
908 1270 1007 1331 subire
1030 1270 1148 1330 debeat.

374 1369 497 1430 Duobus
520 1370 594 1428 locis
616 1370 706 1430 lectio
729 1370 820 1429 dubia
843 1373 901 1446 ast,
928 1389 956 1430 v.
976 1372 996 1428 4
1018 1373 1121 1429 tamen
1149 1361 1308 1450 (μηδεμιᾶς
1330 1367 1434 1440 αὐτοῖς
1456 1365 1507 1446 ἐπ.
1523 1389 1589 1428 .ε..

285 1467 422 1547 δαπάνης
449 1460 648 1549 ἐπικειμένης)
675 1469 787 1529 rationi
815 1487 905 1545 quam
932 1487 1022 1544 supra
1053 1467 1185 1527 indicavi
1211 1468 1275 1526 eius
1301 1467 1383 1526 modi
1410 1466 1600 1543 supplemen-

285 1545 350 1626 tum
373 1568 563 1644 aptissimum
584 1565 712 1642 videtur,
739 1585 799 1642 que
827 1566 945 1626 nullum
971 1567 1051 1626 ultra
1077 1584 1213 1625 οσονιοκι
1239 1566 1344 1626 decreti
1366 1569 1517 1642 sumptum
1542 1567 1599 1624 im-

283 1668 357 1742 poni
379 1664 541 1741 efficiatum
573 1683 665 1740 quare
693 1665 826 1742 cogitavi
853 1665 890 1725 dc
916 1665 1044 1724 lectione
1067 1661 1109 1724 ἔτι
1130 1661 1218 1744 πέρας
1252 1665 1355 1740 utique
1383 1663 1523 1741 displicet
1549 1661 1601 1724 ἐπὶ

284 1762 356 1843 ἱερά.
402 1763 504 1822 Etiam
527 1762 678 1823 difficilior
699 1783 728 1822 v.
749 1765 890 1839 llextr.;
916 1762 1046 1824 Kochler
1068 1781 1129 1822 non
1151 1763 1215 1823 sine
1237 1765 1302 1822 veri
1329 1763 1425 1839 specie
1449 1763 1599 1822 actionem

286 1861 387 1936 talem,
411 1861 509 1937 qualis
528 1880 600 1920 voce
618 1858 879 1940 ἕκφολλοφορησαι
897 1861 1092 1940 significatur,
1114 1860 1208 1920 latare
1230 1863 1354 1936 cenauit,
1377 1861 1429 1921 aed
1448 1861 1600 1938 quomodo

186 1957 191 1968 '
283 1959 316 2018 id
338 1958 450 2018 litteris
471 1958 593 2018 traditis
616 1958 792 2020 eliciendum
815 1961 863 2034 ait,
886 1978 992 2036 parum
1016 1958 1111 2019 video.
1148 1960 1229 2018 Num
1252 1981 1278 2020 v.
1300 1962 1408 2018 dextr.
1430 1959 1599 2020 infinitivus

285 2049 449 2140 ἐν](ἕ)νκαι
470 2055 566 2118 latet?

373 2155 501 2215 Decreto
519 2153 545 2214 B
569 2155 687 2232 aliquot
710 2159 795 2216 annis
818 2156 990 2232 postfacto
1013 2159 1213 2233 praeceptum,
1236 2155 1272 2216 dc
1291 2175 1352 2232 quo
1369 2155 1458 2216 modo
1481 2157 1540 2234 egi,
1560 2175 1598 2216 ne

287 2255 353 2330 quie
384 2258 547 2331 antequam
579 2273 681 2315 omnes
713 2253 845 2331 reliquae
878 2275 999 2314 munere
1029 2255 1150 2314 sunctae
1182 2257 1296 2329 essent,
1330 2256 1442 2314 itemm
1474 2254 1598 2332 ζακόρος

285 2355 448 2427 crearetur,
481 2351 632 2412 sublatum
666 2356 697 2412 et
723 2352 893 2413 Metrodoro
920 2353 958 2413 ad
985 2354 1067 2412 vitae
1094 2355 1212 2428 tempus
1235 2352 1292 2411 bac
1319 2351 1467 2430 dignitate
1489 2351 1599 2410 affecta

284 2453 338 2526 est,
361 2451 503 2510 nimirum
526 2453 598 2527 quia
619 2451 708 2510 huius
730 2449 935 2510 munificentia
962 2454 1114 2528 sumptum
1141 2469 1240 2509 rerum
1266 2467 1418 2510 sacrarum
1446 2449 1598 2509 sublevari

285 2547 480 2608 confidebant.
528 2547 609 2619 Quae
632 2567 679 2608 ree
702 2551 814 2627 insigni
836 2549 1013 2608 documento
1037 2553 1094 2622 est,
1120 2549 1174 2625 qui
1202 2549 1242 2608 sit
1264 2549 1392 2622 factum,
1419 2551 1454 2607 ut
1480 2548 1598 2624 paulla-

288 2648 345 2705 tim
367 2665 421 2722 per
439 2643 595 2706 Graeciam
613 2646 780 2708 sacerdotia
798 2648 970 2723 similesque
988 2646 1150 2724 dignitates
1168 2651 1330 2723 perpetuae
1343 2645 1409 2706 dari
1422 2646 1597 2723 inciperent.

285 2743 326 2802 Et
344 2746 451 2804 notatu
470 2743 595 2822 dignum
614 2763 756 2824 orgeones
769 2745 856 2805 hosce
870 2745 1001 2805 nondum
1017 2764 1051 2803 eo
1070 2743 1218 2824 progredi,
1236 2748 1270 2802 ut
1283 2745 1383 2820 ipsum
1397 2745 1599 2804 sacerdotium

284 2843 323 2900 nd
347 2843 427 2901 vitae
455 2845 572 2918 tempus
596 2843 713 2920 darent,
743 2843 795 2904 sed
817 2862 852 2902 ea
876 2844 1016 2922 grassari,
1043 2847 1078 2902 ut
1101 2842 1226 2902 divitem
1248 2843 1403 2901 mulierem
1426 2843 1598 2902 ministram

285 2939 448 2999 sacerdotis
471 2945 647 3018 perpetuam
670 2944 811 3002 crearent.

375 3037 411 3099 V.
434 3033 528 3118 13214
561 3041 630 3116 post
658 3039 728 3112 τούς
755 3043 944 3116 expectamus
968 3035 1129 3120 ἀργεῶνας;
1160 3039 1212 3099 sed
1234 3040 1364 3118 vestigas
1386 3045 1506 3098 servata
1528 3059 1597 3099 con-

285 3139 386 3196 venire
409 3155 468 3196 non
492 3136 638 3197 videntur.
683 3137 731 3196 An
759 3138 870 3197 excidit
893 3133 1039 3217 ὀρμιῶνας
1062 3141 1092 3197 et
1119 3137 1254 3213 reliquiis
1277 3137 1339 3196 illis
1367 3138 1443 3197 latet
1472 3135 1597 3198 ἀιοικεῖῗ

374 3332 424 3390 lb.
458 3333 566 3389 Tabula
590 3333 737 3388 marmoris
760 3334 898 3389 Pentelici
921 3334 950 3388 in
974 3337 1110 3404 quattuor
1131 3337 1227 3404 parter
1254 3333 1357 3402 fracta
1385 3337 1498 3405 reperta
1523 3335 1597 3390 inter

285 3414 376 3468 Piraei
401 3417 430 3468 et
448 3415 520 3469 Zeae
544 3416 640 3483 portua
665 3415 694 3468 in
713 3414 861 3469 ruderibus
884 3415 1007 3469 aedilicii
1029 3415 1149 3484 antiqui.
1186 3411 1595 3487 Εάἀ.1)τοροδείοἘφ.Ἀρχ.

287 3499 355 3550 1884
379 3513 405 3564 p.
421 3500 470 3561 4δ,
495 3493 615 3548 Kocbler
635 3496 719 3550 MAI
734 3495 772 3549 IX
795 3499 886 3565 (1884)
905 3514 932 3566 p.
949 3501 1001 3550 290
1012 3513 1071 3565 sqq.
1091 3498 1121 3549 et
1138 3495 1184 3551 16
1202 3494 1228 3548 Π
1247 3494 1338 3565 suppl.
1358 3514 1384 3565 p.
1402 3500 1453 3550 169
1472 3514 1498 3550 n.
1515 3501 1596 3559 erec,

284 3574 389 3630 Michel
400 3577 511 3632 Romaest
521 3579 581 3641 986,
597 3574 794 3644 Βὶδδουδοιςοι
808 3575 891 3646 Syll.¹
901 3581 961 3630 ⁷29.
989 3575 1030 3632 cf.
1045 3575 1131 3630 etiam
1145 3575 1280 3645 Dbrpfeld
1292 3576 1377 3630 MAI
1386 3574 1424 3629 IX
1438 3594 1465 3645 p.
1476 3581 1594 3644 aresqq.

884 3697 995 3761 Θεοί.

422 3821 548 3897 Ἀγαθεῑ
567 3821 667 3900 τύχει·
687 3821 739 3886 ἐπὶ
757 3821 907 3886 Ἱππάκον
928 3821 1099 3901 ἄρχοντος·
1119 3819 1334 3907 Ποιιδεῶγνοι
1349 3819 1466 3900 ἀγορᾶι
1479 3821 1594 3900 κυρίαν

340 3926 452 3993 (όλων
480 3928 673 4008 Ἑρμογένου
702 3928 886 4008 Χολαργεύι
907 3925 912 4015 Ι
933 3927 1035 3994 εἶπεν·
1064 3929 1173 4006 ἐπειδὴ
1201 3929 1395 4008 ευμβέβηκεν
1422 3929 1594 3993 Διονυείωι

306 4035 551 4114 sustolletur
579 4036 637 4100 τὸν
661 4035 732 4114 βίον
755 4035 1027 4114 ἀποδεδειγμέναι
1056 4036 1094 4114 ἐμ
1122 4039 1256 4100 πολλοῑι
1283 4036 1324 4113 ἣν
1348 4035 1442 4120 ἔγγιον
1465 4033 1594 4102 εὔνοιαν

339 4143 472 4206 διετέλει
495 4143 576 4221 πρὸ(
605 4141 750 4207 ἅπαντα(
774 4145 850 4207 τοὺς
873 4145 931 4221 τὴν
953 4140 1115 4228 [σύνοδον
1139 4143 1301 4222 φέροντα(
1329 4146 1387 4206 τῶι
1415 4147 1505 4228 θεῶι,
1535 4142 1595 4208 αἰεί

339 4269 427 4314 τινα(
451 4248 575 4325 ἀγαθοῦ
598 4248 842 4334 πει)[ρ]ώμενοε
864 4251 1032 4329 παραίτιος
1056 4250 1194 4325 γίνεεθαι
1217 4250 1269 4313 καὶ
1293 4248 1368 4314 teter
1391 4251 1443 4314 καὶ
1465 4248 1592 4334 κοινεῑΙ

288 4371 320 4419 ιο
340 4353 550 4441 [φ]ιλάγαθοι
579 4356 654 4441 dile]
684 4357 722 4435 ἐμ
749 4358 845 4421 παντὶ
873 4362 996 4435 καιρῶι·
1025 4357 1061 4422 ὃ(
1089 4361 1170 4432 γοῦν
1192 4357 1414 4435 προτάιμηθεὶε
1441 4356 1506 4421 ὑπὸ
1530 4361 1593 4422 τῶν

339 4463 578 4528 Διονυιιαετῶν
601 4465 653 4529 καὶ
677 4465 785 4544 λαβὼν
809 4455 867 4542 τὴν
890 4463 1092 4548 ἱεγρειυεύνην
1106 4467 1179 4527 ’τοῦ
1208 4467 1285 4529 θεοῦ
1313 4466 1364 4529 καὶ
1391 4465 1593 4529 καταεταθεὶε

341 4571 453 4648 ταμία(
476 4570 533 4635 τά(
554 4567 558 4658 l
579 4591 614 4635 τε
637 4572 746 4637 κοινὰ(
769 4573 950 4651 προεόδουε
978 4571 1152 4650 ἐπηύξηεεν
1176 4571 1211 4636 ἐκ
1239 4575 1304 4636 τῶν
1328 4570 1419 4637 ἰδίων
1440 4571 1444 4654 Ι
1465 4571 1594 4636 ἐπιδοὺς

342 4679 451 4742 αὐτοῖς
475 4679 629 4758 ἀργυρίου
653 4680 755 4758 χιλίας
779 4679 921 4758 δραχμὰε
947 4681 999 4743 καὶ
1022 4678 1133 4762 τόμιον
1145 4673 1170 4764 ¹)
1195 4679 1274 4757 μετὰ
1296 4683 1354 4757 τῆς
1376 4679 1475 4758 ἄλλη(
1499 4699 1592 4758 χορη-

376 4839 402 4902 1)
430 4839 495 4906 post
521 4832 610 4890 κόπον
637 4835 752 4890 verbum
779 4835 969 4905 παρεσκεύασε
989 4835 1125 4890 excidisse
1152 4835 1310 4891 coniecerat
1338 4835 1370 4889 K.
1395 4835 1593 4905 comprobante

286 4914 431 4982 Micbeli03
450 4932 505 4970 non
525 4932 596 4986 opus
615 4931 676 4970 esee
694 4917 769 4970 recte
789 4916 890 4970 statuit
908 4917 986 4972 Dttb.
