3424 5462
268 293 330 358 198
783 289 897 345 LEGES
916 289 1055 346 SAORAE

266 480 300 520 ac
323 457 398 540 μηδὲ
416 453 586 543 (παρέρπην
608 451 767 542 γυναῖκας)
790 456 842 530 τδις
865 458 963 539 τρίχας
985 450 1258 541 άμπεπλεγμέναςῦ)
1282 455 1356 536 μηδὲ
1376 449 1502 540 (άνδρας
1524 457 1576 530 τὰς

264 551 409 642 κεφαλάς)
441 555 660 636 κεκαλυμμένος
692 558 814 618 Meister
845 559 956 633 optime
989 560 1104 618 statuit
1154 557 1200 616 Do
1232 557 1364 618 crinibus
1397 557 1433 617 of.
1456 559 1577 633 praeter

264 658 362 736 Iegem
380 657 550 716 Andaniam
569 657 677 716 Athen.
690 655 750 714 XII
767 677 795 733 p.
812 656 898 715 5250
920 653 975 732 τὴν
993 652 1098 735 ἑορτὴν
1116 652 1238 736 άγοντες
1255 663 1313 715 τῶν
1328 647 1459 735 Ἡραίων
1476 652 1577 732 ἐβάδι-

265 756 316 828 ζον
339 747 462 837 (Sumit)
486 751 736 832 κατεκτενισμένοι
763 751 815 825 τδις
842 750 936 831 κόμας
965 750 1012 814 ret
1035 753 1068 815 τδ
1091 753 1275 833 μετάφρενον
1296 751 1347 813 καὶ
1369 751 1439 825 τοὺς
1461 750 1577 831 ὤμους·

264 851 297 913 τὸ
325 850 357 913 δὲ
384 851 513 931 νόμιμον
540 859 626 913 τοῦτο
659 855 872 932 μαρτυρεῖσθαι
899 848 949 910 καὶ
976 849 1036 912 ὑπὸ
1062 851 1222 930 παροιμίας
1250 851 1350 930 τῆσδεε
1382 851 1512 930 βαδίζειν
1534 850 1578 922 εἰς

260 945 384 1030 Ἦραῖον
411 947 701 1030 ἐμπεπλεγμένον
723 954 782 1010 κτλ.
808 981 846 990 -
879 949 984 1026 Capite
1012 953 1113 1010 autom
1140 951 1244 1026 aperto
1268 947 1396 1010 Graecos
1418 969 1504 1009 orara
1527 950 1578 1009 de-

266 1049 365 1109 buisse
388 1067 494 1110 moneo
519 1041 662 1131 (Macrob.
682 1047 743 1107 Sat.
763 1048 779 1108 I
798 1049 827 1122 8,
844 1045 886 1126 2).

354 1155 389 1214 V.
411 1158 501 1232 12sq.
530 1156 566 1215 de
595 1157 745 1232 mysteriis
774 1155 847 1214 deae
875 1156 911 1216 cf.
934 1153 1093 1231 praecipue
1121 1154 1208 1214 Paus.
1227 1153 1303 1213 VIII
1321 1156 1407 1228 37,ss
1436 1152 1516 1234 παρὰ
1545 1153 1578 1214 δέ

264 1253 317 1315 τὸν
339 1253 414 1314 ναὸν
441 1261 494 1332 της
517 1253 685 1331 Δεσποίνης
713 1249 813 1334 ὀλίγον
836 1250 1016 1331 ἐπαναβάντι
1044 1249 1076 1312 έν
1104 1251 1186 1335 δεξιᾷ
1215 1250 1359 1333 Μέγαρόν
1382 1249 1442 1312 ἐστι
1471 1251 1578 1312 καλού-

265 1373 355 1430 μενον
383 1349 433 1411 καλ
460 1351 575 1429 τελετήν
602 1372 631 1411 τε
658 1351 769 1431 δρῶσιν
792 1349 924 1410 ἐνταῦθα
952 1347 1001 1410 καλ
1028 1357 1063 1433 τῇ
1094 1350 1244 1434 Δεσποίνη
1271 1350 1403 1410 θύουσιν
1431 1350 1521 1428 ἱερεῖα
1548 1350 1581 1410 οἱ

202 1495 206 1504 .
262 1443 402 1530 Ἀρκάδες
424 1448 518 1509 πολλά
536 1471 565 1509 τε
588 1447 638 1510 καλ
660 1446 785 1526 άφθονα
808 1452 839 1508 et
857 1447 876 1524 ἓ
897 1450 915 1508 9
935 1455 988 1526 τῆς
1010 1444 1041 1507 δὲ
1056 1448 1224 1526 Δεσποίνης
1246 1446 1278 1509 τὸ
1302 1445 1397 1526 ὄνομα
1420 1446 1517 1508 ἔδεισα
1535 1447 1578 1520 είς

264 1545 335 1620 τοὺς
357 1544 525 1619 ἀτελέστους
547 1546 684 1628 γράφειν,
708 1547 786 1606 unde
809 1549 954 1624 mysteria
981 1548 1044 1606 eius
1067 1565 1128 1607 non
1151 1565 1169 1604 a
1191 1547 1310 1606 feminis
1334 1546 1405 1606 solis
1428 1546 1578 1605 celebrata

263 1663 326 1705 esse
349 1649 483 1721 apparet.
530 1643 678 1705 Gravidae
706 1648 806 1705 autem
834 1645 962 1704 feminae
985 1647 1041 1703 aut
1066 1644 1213 1704 lactantes
1236 1645 1399 1704 Eleusiniis
1427 1645 1577 1720 mysteriis

263 1761 323 1802 non
347 1742 580 1802 excludebantur
607 1762 703 1819 neque
730 1743 827 1802 ullum
850 1742 932 1801 aliud
955 1741 1161 1802 testimonium
1185 1742 1221 1801 de
1244 1743 1363 1802 feminis
1387 1742 1500 1802 talibus
1523 1744 1577 1800 im-

264 1841 347 1919 puris
371 1840 514 1900 habendis
537 1840 645 1918 legisse
668 1858 716 1899 me
739 1840 869 1900 memini

355 1947 390 2007 V.
413 1948 452 2006 13
482 1946 578 2006 altera
600 1965 670 2024 pars
693 1947 769 2025 Iegis
791 1948 900 2023 Incipit
927 1947 967 2007 de
996 1948 1087 2023 ipsis
1115 1949 1228 2007 sacris
1252 1947 1409 2008 faciundis.
1454 1948 1578 2024 Integra

265 2049 368 2106 extant
390 2065 436 2121 ea,
459 2065 536 2122 quae
559 2046 595 2105 de
622 2038 801 2126 turibus⁸)
829 2045 1068 2122 praecipiuntur;
1096 2064 1166 2106 nam
1189 2066 1216 2107 v.
1237 2048 1277 2105 13
1290 2049 1362 2106 extr.
1385 2043 1441 2118 πὸς
1464 2045 1578 2122 θύησιν

264 2145 313 2204 vol
335 2143 454 2204 θύωσιν
477 2145 540 2204 sine
564 2143 656 2203 dubio
678 2146 759 2203 recte
782 2143 955 2222 suppletum
979 2147 1025 2203 est
1048 2163 1208 2219 omnesque
1231 2145 1293 2202 fero
1317 2163 1372 2218 res,
1396 2163 1473 2219 quae
1497 2143 1576 2202 dein-

264 2261 333 2319 ceps
357 2246 580 2317 enumerantur,
608 2240 736 2302 Graecos
764 2242 863 2302 odoris
890 2241 1086 2317 flammaeque
1109 2242 1297 2301 suscitandae
1321 2260 1412 2301 causa
1438 2243 1471 2300 in
1495 2261 1577 2301 aram

157 2415 165 2430 .
263 2341 423 2402 coniecisse
446 2340 615 2401 confirmari
637 2343 744 2416 potest.
789 2337 897 2399 έλαίαιε
921 2340 957 2399 cf.
977 2340 1063 2399 Paus.
1083 2339 1111 2398 V
1133 2343 1182 2414 15,
1199 2342 1240 2400 10
1263 2339 1300 2399 de
1323 2343 1423 2399 vetere
1447 2339 1577 2416 quodam

264 2439 451 2498 sacrificandi
482 2439 543 2498 ritu
568 2435 725 2514 Olympiae
755 2437 919 2515 λιβανωτὸν
941 2435 997 2517 γάρ
1025 2434 1101 2514 δμοῦ
1129 2441 1235 2517 πυροῖς
1263 2435 1459 2517 μεμαγμένοις
1487 2433 1577 2513 μέλιτι

262 2539 414 2613 θυμιῶσιν
433 2534 480 2596 έπλ
498 2544 557 2595 τῶν
576 2536 698 2614 βωμῶν·
717 2531 833 2596 τιθέασι
852 2531 884 2595 δέ
902 2532 951 2594 καλ
969 2538 1106 2608 κλῶνας
1129 2533 1249 2606 ἐλαίας
1267 2528 1318 2595 ἐπ’
1340 2533 1467 2614 αὐτῶν,
1487 2555 1575 2611 quem

264 2635 362 2694 locum
389 2636 451 2694 iam
478 2634 568 2693 Leon.
592 2635 705 2694 attufit.
733 2666 777 2674 —
809 2633 948 2712 μύρτοις
981 2635 1017 2693 of.
1040 2633 1133 2693 Arist.
1158 2634 1335 2710 Thesmoph.
1360 2635 1401 2692 37
1435 2631 1576 2714 ἐξέρχεται

265 2731 407 2812 θεράπων
426 2753 469 2802 τις
488 2730 581 2792 αὐτοῦ
599 2739 659 2811 τνῶρ
683 2729 756 2810 έχων
775 2728 824 2790 καὶ
847 2730 991 2811 μυρρίνας
1013 2730 1241 2811 προθυσόμενος
1259 2734 1289 2790 et
1307 2731 1416 2808 Porph.
1430 2731 1518 2808 Pyth.
1534 2733 1574 2790 36

264 2829 352 2889 θύων
374 2850 403 2889 τε
426 2833 511 2901 θεοῖς
531 2825 704 2908 ἀνεπαχθὴς
728 2819 766 2906 ἧν
784 2825 919 2907 ἀλφίτοις
937 2851 966 2888 τε
984 2826 1034 2889 καλ
1053 2829 1177 2912 ποπάνφ
1197 2827 1247 2889 καλ
1265 2831 1417 2912 λιβανωτῷ
1433 2826 1482 2889 καλ
1502 2851 1576 2909 μυρ-

264 2927 333 3010 ρίνη
357 2925 427 3000 τοὺς
449 2925 541 2998 θεοὺς
568 2925 768 3005 ἱλασκόμενος.
792 2959 835 2967 -·
858 2927 992 3007 κηρίοις
1023 2929 1059 2988 cf.
1083 2928 1170 2987 Paus.
1186 2927 1260 2986 VIII
1283 2931 1336 3002 42,
1353 2932 1392 2987 11
1425 2928 1575 2988 desectis

265 3023 379 3086 Cereris
403 3025 558 3103 Phiguliae
581 3028 725 3102 μελισσῶν
747 3047 777 3085 τε
799 3024 888 3104 κηρία
912 3057 953 3066 -
977 3057 1015 3066 -
1037 3021 1235 3085 -τιθέασιν
1258 3023 1305 3085 έπλ
1328 3023 1380 3085 τόν
1402 3025 1513 3103 βωμόν.
1532 3057 1576 3066 -

264 3143 291 3183 v.
313 3126 353 3183 15
378 3119 477 3195 ὀλοοῖς
500 3116 774 3204 οι[ί]ρολογημέι·αις
796 3125 816 3181 i.
831 3142 855 3181 e.
873 3123 978 3182 hordeo
1002 3115 1206 3204 ccpuryalo'):
1234 3126 1345 3183 molam
1368 3123 1492 3198 salsam,
1515 3143 1577 3199 qua

264 3220 401 3281 victimas
426 3221 676 3298 auspicabantur,
703 3221 817 3299 priores
839 3221 1063 3297 intellexerunt,
1092 3225 1124 3281 at
1152 3223 1293 3297 quoniam
1316 3217 1401 3282 ὀλοαί
1427 3222 1476 3280 hio
1498 3223 1577 3281 inter

265 3337 312 3379 res
335 3320 476 3378 turiferas
495 3321 694 3393 recensentur,
717 3320 809 3378 talem
827 3321 960 3395 Ipsarum
980 3339 1098 3396 quoque
1117 3339 1203 3379 usum
1222 3319 1282 3380 diei
1300 3337 1418 3400 censeo;
1440 3319 1576 3379 solebant

265 3419 344 3477 onim
368 3421 399 3478 et
420 3417 566 3478 hordeum
589 3419 620 3477 et
642 3418 776 3477 triticum
798 3419 830 3476 in
853 3419 953 3495 ignem
976 3419 1122 3491 conicere,
1149 3419 1181 3476 in
1204 3418 1261 3476 fine
1284 3419 1461 3495 praesertim
1484 3419 1576 3478 caert-

265 3517 383 3575 moniae
411 3534 526 3590 sacrae,
554 3517 590 3576 cf.
613 3517 773 3592 praeoIpue
801 3515 909 3592 Porph.
929 3515 965 3575 de
994 3516 1068 3576 abst.
1086 3516 1156 3575 Πὸ
1186 3515 1260 3576 ὅθεν
1282 3513 1323 3576 ἔτι
1345 3513 1395 3575 κοιλ
1422 3523 1480 3575 νῶν
1502 3513 1577 3596 πρὸς

264 3619 304 3697 τῷ
337 3611 410 3674 τέλει
445 3621 505 3674 τῶν
536 3618 655 3674 θυσιῶν
665 3606 691 3695 ⁸)
723 3619 785 3686 τοῖς
821 3616 977 3690 ψαισθεῑσι
1009 3611 1162 3691 θυλήμασι
1196 3613 1336 3693 χρώμεθα
1371 3617 1402 3673 et
1433 3615 1503 3674 ε’ότά.
1534 3615 1574 3672 16

264 3721 352 3791 τιμῶν
383 3705 523 3794 (crumina
550 3703 717 3793 domestica)
746 3711 918 3790 λιβανωτοῖς
950 3709 1000 3771 καὶ
1027 3715 1165 3786 ψαιστοῖς
1194 3709 1244 3771 καλ
1271 3710 1431 3786 ποπάνοις;
1463 3711 1576 3787 ψαιστά

265 3814 365 3870 autem
398 3814 468 3870 sunt
504 3807 613 3886 άλφιτα
643 3807 730 3893 ἐλαίῳ
762 3807 812 3869 καὶ
844 3808 916 3892 οἴνῳ
948 3807 1108 3888 δεδευμένα
1141 3843 1183 3851 ——
1219 3843 1260 3852 -
1296 3809 1370 3890 άπερ
1403 3808 1575 3889 ἕπεθυμίων

263 3913 325 3981 τοῖς
347 3912 441 3987 θεοῖς,
464 3912 498 3969 ut
520 3911 600 3968 recto
623 3908 793 3982 schellam,
817 3909 874 3968 etsi
896 3909 961 3968 vini
984 3911 1014 3967 et
1037 3909 1095 3968 olei
1119 3908 1262 3968 admixtio
1283 3909 1332 3968 vix
1355 3909 1480 3984 antiquo
1499 3911 1576 3968 mori

354 4161 381 4228 5)
400 4157 434 4212 of.
455 4159 535 4212 Pauo.
555 4157 580 4211 X
599 4163 642 4226 25,
653 4163 686 4211 10
705 4156 851 4228 Πολυξένη
870 4155 901 4213 δέ
924 4159 1010 4212 κατὰ
1028 4157 1068 4212 τά
1086 4157 1272 4227 εἰθισμένα
1294 4158 1487 4226 παρθένοις
1504 4161 1575 4213 ἀνα-

264 4237 415 4294 πέπλεκται
432 4239 483 4302 τδις
502 4238 532 4292 έν
550 4245 583 4309 τῇ
603 4241 710 4310 κεφαλῇ
729 4236 834 4309 τρίχας.

354 4323 381 4389 6)
408 4318 439 4372 in
461 4319 621 4374 unitersum
645 4317 680 4372 of.
700 4319 736 4372 de
760 4319 805 4373 his
828 4337 853 4373 v.
873 4318 964 4373 Fritze
993 4320 1048 4374 De
1071 4319 1249 4386 Ruuodopfcr
1271 4320 1319 4373 der
1339 4319 1473 4374 &umen
1497 4323 1574 4372 1894.

355 4401 381 4468 λ)
407 4399 476 4454 acite
494 4415 591 4454 rocem
609 4399 762 4469 explicavit
775 4399 872 4454 Leon:
886 4395 959 4466 αίρα
978 4399 1077 4457 lolium
1096 4400 1147 4468 est,
1166 4397 1242 4469 quod
1257 4399 1408 4469 diligenter
1421 4415 1456 4454 ex
1470 4399 1575 4454 hordeo

265 4481 331 4533 ante
355 4495 437 4532 usum
460 4479 520 4534 eins
543 4479 697 4534 humanum
726 4479 875 4550 (Theophr.
896 4481 924 4534 h.
939 4479 977 4549 pl.
998 4478 1061 4532 Vill
1079 4485 1131 4546 4,6
1156 4487 1226 4533 οῑιοι
1250 4480 1376 4546 καθαροὶ
1398 4478 1498 4548 αἱρῶν)
1527 4481 1576 4534 aut

266 4575 374 4614 sacrum
403 4558 579 4630 seligendum
607 4562 662 4628 ost3
691 4560 821 4616 simillia:
848 4560 1005 4615 derivatum
1024 4563 1067 4614 est
1094 4562 1293 4629 coenomyam,
1316 4558 1352 4613 cf.
1371 4541 1516 4629 'Theoplm
1540 4559 1574 4614 de

265 4655 339 4693 caus.
358 4638 397 4708 pl.
417 4638 430 4691 I
449 4646 516 4705 15,1
537 4639 643 4708 δένδρα
661 4641 916 4711 καρπολογοάμενα.

355 4721 382 4787 8)
410 4719 452 4773 ita
467 4719 577 4787 Helike,
597 4720 658 4775 cod.
677 4723 801 4791 θυηλῶν,
820 4721 896 4790 quod
914 4723 1008 4775 tamen
1027 4719 1094 4775 ferri
1112 4736 1169 4774 non
1187 4735 1269 4789 posse
1289 4719 1376 4774 etiam
1385 4718 1574 4775 Wilamowita

265 4798 426 4868 nuperrIme
448 4800 558 4854 monuit
581 4800 647 4870 (rid.
667 4805 725 4856 not.
746 4804 785 4870 9);
809 4799 959 4856 defendere
983 4803 1100 4855 conatus
1124 4803 1168 4855 est
1190 4799 1305 4870 Stengel
1327 4800 1442 4855 Her-roco
1460 4799 1574 4853 XXXIX

265 4896 292 4947 p.
312 4884 372 4932 615.
