3424 5462
232 295 297 361 184
748 299 863 354 Lucas
883 300 1022 356 SACRAE

229 465 323 538 ξοίντω
356 463 389 526 di
418 465 468 529 καὶ
495 465 640 548 ὑόράνας,
670 465 890 549 ἀναγραψάντω
919 466 950 530 δὲ
977 468 1027 530 καὶ
1054 465 1108 548 ἀφ’
1134 461 1176 530 ὧν
1204 472 1254 532 δεῖ
1275 465 1473 554 καθαρίζειν).
1497 507 1542 515 -

230 563 289 641 §8
319 566 430 625 iterum
457 567 592 625 luxuriae
619 565 819 642 prohibendae
848 571 970 646 cavetur
997 569 1073 628 sicut
1096 567 1115 644 ξ
1136 573 1164 630 3.
1197 603 1239 612 -
1272 568 1292 646 ξ
1317 573 1335 630 9
1360 574 1391 630 et
1416 575 1471 631 10:
1504 573 1543 631 de

228 663 445 740 rhabdophoris
468 663 698 740 verberibusque
722 665 854 742 atquae
876 686 903 742 p.
921 669 983 725 242
1004 667 1042 726 ad
1061 687 1089 725 n.
1105 668 1147 727 80
1170 688 1197 727 v.
1215 671 1306 745 24sq.
1326 669 1477 729 adnotavi.
1499 701 1540 711 -

230 761 249 840 ξ
266 766 305 821 11
326 761 435 838 duplex
449 781 542 841 genus
555 761 756 839 pecuniarum,
776 781 851 838 quae
866 766 1003 840 amystis
1017 765 1163 840 redibant,
1183 766 1391 844 distinguitur:
1410 769 1543 826 alterum

229 859 288 922 ἀπὸ
315 868 369 922 τοῦ
395 865 569 938 καθαρμοῦ,
601 861 680 937 quod
713 879 814 920 omnes
842 863 956 922 solvere
983 863 1118 924 debuisse
1141 864 1293 940 videntur,
1326 867 1454 925 alterum
1481 862 1545 924 οἰττό

228 967 288 1020 τῶν
306 966 524 1037 ττροοτομυστῶν
541 957 574 1018 τὸ
593 955 798 1036 όττοστατικόν,
817 977 855 1018 sc.
874 961 1013 1036 pretium,
1037 962 1115 1037 quod
1133 963 1266 1022 homines
1285 966 1321 1022 ut
1340 963 1377 1024 ad
1395 966 1544 1040 mysteria

230 1059 471 1130 admitterentur,
502 1058 535 1115 in
567 1075 598 1116 se
631 1057 839 1133 suscipiebant.
847 1050 885 1138 ⁹⁰)
932 1058 1098 1135 Utrumque
1131 1079 1223 1137 genus
1253 1063 1396 1138 pecuniae
1424 1063 1545 1121 aerario

230 1174 313 1216 sacro
337 1155 460 1214 cedebat
482 1173 536 1214 nee
559 1154 595 1213 de
617 1154 682 1214 ulla
702 1154 888 1215 sacerdotum
906 1157 1040 1216 mercede
1058 1161 1170 1217 mentio
1189 1158 1232 1234 lit,
1255 1177 1324 1218 cum
1341 1159 1544 1235 hierophanta

230 1256 378 1329 ceterique
406 1253 573 1312 sacerdotes
595 1253 742 1312 Eleusinii
767 1271 853 1312 suum
882 1257 1008 1330 quisque
1036 1255 1155 1314 obolum
1184 1257 1352 1333 acceperint
1374 1250 1417 1338 (n.
1438 1256 1543 1316 acin.

230 1343 380 1433 etanta).
427 1350 524 1420 Quam
551 1351 716 1410 mercedem
741 1351 894 1410 Andaniae
922 1351 1067 1413 abolitam
1090 1373 1152 1414 esse
1180 1357 1327 1432 suspicor,
1354 1374 1422 1415 cum
1444 1374 1543 1415 sacer-

230 1451 345 1510 dotium
359 1449 512 1527 publicum
530 1448 623 1523 fieret,
642 1468 770 1525 quocum
790 1451 902 1525 optime
921 1452 1068 1525 convenit,
1087 1453 1219 1528 quodie,
1239 1456 1290 1529 qni
1309 1453 1373 1512 iure
1387 1453 1544 1530 gentilicio

231 1549 430 1622 abdicaverat,
453 1547 664 1607 Mnasistratus
682 1565 759 1606 unus
779 1547 896 1623 aliquot
913 1549 1079 1625 accipiebat
1101 1552 1243 1626 pecunias
1262 1571 1277 1610 e
1295 1552 1436 1611 thesauro
1461 1551 1543 1628 apud

230 1647 344 1707 fontem
367 1645 493 1723 Hagnae
515 1647 614 1721 posito
638 1637 672 1724 (ξ
694 1647 733 1703 17
757 1665 785 1704 v.
805 1637 871 1728 87).

321 1751 341 1829 ξ
361 1755 401 1812 12
426 1751 462 1811 de
480 1753 658 1812 victimis:
681 1753 790 1812 arietes
814 1753 852 1812 ad
874 1755 1013 1830 piacula,¹
1026 1754 1063 1812 ad
1086 1755 1278 1815 lustrationes
1301 1759 1385 1832 porci
1407 1756 1546 1816 adhiberi

231 1843 417 1932 solebantm)
455 1849 553 1919 Quare
576 1849 667 1909 verba
690 1846 738 1910 ε’ττί
760 1859 813 1910 τοῦ
831 1855 990 1930 καθαρμοῦ
1008 1850 1093 1932 κριὸν
1111 1845 1236 1932 εόχρουν
1254 1854 1291 1913 de
1310 1854 1455 1914 sacrificio
1474 1875 1544 1931 pro-

231 1953 295 2028 prie
317 1949 464 2026 piaculari
488 1949 615 2024 accipio,
643 1967 701 2022 quc
729 1949 899 2009 universa
926 1953 1092 2025 mystarum
1115 1953 1215 2010 contio
1237 1949 1295 2028 πρὸ
1324 1959 1376 2011 τοῦ
1398 1949 1544 2031 ἄρχεσθαι

231 2056 290 2108 τῶν
309 2046 478 2125 μυστηρίων
497 2037 722 2127 expiabatur.⁹²)
759 2047 908 2123 Expiandi
927 2048 1005 2107 enim
1022 2049 1100 2108 ritus
1118 2051 1153 2107 ut
1177 2048 1323 2108 artissime
1347 2068 1414 2108 eum
1432 2051 1543 2109 lustra

231 2145 364 2206 tionibus
384 2144 590 2218 cohaerebant,
608 2144 652 2202 ita
667 2163 807 2220 persaepe
822 2145 913 2204 etiam
927 2146 1080 2205 vocabulis
1094 2147 1260 2227 καθαίρειν,
1279 2145 1437 2228 καθαρμός
1450 2148 1545 2227 signi-

231 2234 447 2323 ficabantur.⁹³)
466 2242 608 2301 Iamverc
619 2241 796 2301 sacrificium
806 2245 925 2302 centum
935 2262 1080 2322 agnorum
1090 2247 1151 2304 sive
1165 2245 1268 2320 piandi
1278 2247 1341 2305 sive
1351 2238 1546 2328 lustrandi⁹⁴)

231 2337 428 2421 gratisonis
451 2338 520 2411 τοὺς
543 2339 753 2420 πρωτομόστας
776 2340 913 2400 oblatum
935 2345 1042 2402 notatu
1062 2341 1149 2402 valde
1173 2343 1298 2420 dignum
1316 2347 1374 2418 est3
1397 2363 1544 2422 emaguo

231 2443 311 2500 enim
332 2439 499 2499 hostiarum
522 2456 659 2513 numero,
686 2439 744 2498 nisi
767 2438 869 2514 fallor,
898 2439 1095 2518 colligendum
1118 2442 1164 2500 est
1185 2443 1300 2516 mystas
1324 2443 1457 2518 singulos
1482 2443 1546 2500 fere

232 2538 442 2599 caerimoniam
464 2536 549 2594 illam
574 2534 695 2610 subisse,
719 2555 808 2611 quam
829 2538 926 2613 ipsam
946 2537 1057 2615 μύησιν
1075 2538 1166 2596 finisse
1185 2530 1376 2619 suspicor⁹⁵);
1401 2539 1438 2598 cf.
1457 2559 1543 2615 prae·

231 2640 351 2713 ceptum
374 2636 448 2712 legis
472 2633 645 2693 Eleusiniae
668 2626 711 2716 (n.
731 2633 784 2693 30
807 2655 834 2694 v.
856 2628 986 2717 22sqq.)
1007 2635 1170 2695 Wilhelmii
1194 2636 1331 2695 acumine
1354 2637 1544 2696 restitutum:

232 2734 374 2814 Κήρυκας
389 2729 421 2793 δὲ
435 2726 536 2811 μυ[εῖν
545 2731 615 2802 τοὺς
624 2729 711 2804 νέους
725 2727 851 2811 μ]όστας
861 2726 1031 2813 ίι[ίκ]αστον
1045 2728 1157 2813 [χωρίς
1168 2727 1336 2812 boissardus
1349 2730 1424 2793 κατὰ
1437 2732 1543 2794 ταύτά·

232 2827 298 2912 ε’[ἰιν
312 2827 345 2891 δὲ
358 2825 446 2909 κατὰ]
461 2834 589 2908 πλῆθος,
603 2828 789 2890 εὐθύνεσθαι
803 2833 862 2888 κτλ.
876 2863 920 2871 -
934 2831 979 2890 De
998 2831 1142 2891 theatro
1161 2831 1315 2891 lustrando
1331 2833 1367 2893 el.
1382 2836 1545 2909 praecipue

231 2930 325 3006 Harp.
349 2948 370 2988 s,
389 2948 417 2987 v.
440 2927 620 3008 astrigeros·
652 2925 724 2998 ἔθος
751 2919 789 3005 lp
817 2926 961 3005 Ἀθήνησι
987 2929 1145 3008 καθαίρειν
1171 2927 1226 3006 τὴν
1249 2927 1406 3006 ἐκκλησίαν
1430 2928 1480 2989 καὶ
1507 2929 1546 2990 τὰ

232 3026 343 3106 θέατρα
365 3024 415 3086 καὶ
438 3023 652 3098 distetisset
671 3025 769 3102 δήμου
788 3023 936 3098 συνόδους
959 3031 1099 3106 μικροῖς
1122 3025 1216 3086 πάνυ
1239 3027 1544 3106 perpetratarum

232 3122 386 3203 ὠνόμαζον
408 3124 566 3203 καθάρσια.
603 3131 690 3184 τοῦτο
714 3115 741 3183 δ’
763 3121 886 3183 ἐποίουν
908 3123 941 3183 οἱ
960 3122 1109 3203 λεγόμενοι
1131 3125 1338 3205 περιστίαρχοι,
1361 3124 1445 3203 οίττερ
1469 3122 1544 3186 ὠνο-

232 3223 394 3302 μάσθησαν
416 3221 511 3294 οὕτως
533 3219 599 3300 ἢτοι
622 3219 682 3282 drab
705 3229 758 3282 τοῦ
780 3222 968 3302 περιστείχειν
991 3219 1011 3300 ἢ
1034 3219 1093 3283 ἀπὸ
1116 3231 1168 3300 τῆς
1190 3219 1286 3295 ἑστίας
1309 3215 1360 3304 (ef.
1380 3223 1454 3282 Poll.
1467 3223 1545 3282 VIII

234 3324 297 3382 104
322 3325 352 3381 et
375 3321 467 3381 Istros
496 3340 542 3398 ap.
562 3321 646 3380 Phot.
669 3316 869 3399 περιέρχονται
900 3312 1168 3401 χοιροφοροῦντες).
1202 3351 1240 3361 -
1275 3327 1331 3379 σῦν
1363 3313 1546 3404 ἕπίτοκα“)ε

303 3531 349 3599 90)
373 3527 511 3582 sisimile
525 3528 709 3595 praeceptum
722 3525 800 3580 tituli
809 3525 956 3595 Amorgini
970 3543 997 3578 n.
1007 3530 1040 3579 98
1050 3543 1073 3579 v.
1084 3531 1117 3579 10
1127 3527 1238 3595 atquae
1251 3544 1277 3594 p.
1290 3530 1380 3594 tl9sq
1400 3526 1546 3582 adnotavi.

304 3613 348 3678 91)
378 3607 493 3679 Stengel
518 3605 588 3662 KA'
605 3625 632 3677 p.
650 3611 761 3676 145sq.‚
790 3605 1091 3675 Schdmann-Lipsius
1116 3607 1164 3661 Gr.
1179 3607 1236 3660 Aa.
1260 3605 1287 3658 II
1308 3623 1335 3673 p.
1352 3610 1403 3658 370
1414 3623 1455 3674 sq.
1497 3607 1545 3660 Ad

233 3690 339 3744 theatri
356 3689 553 3742 lustrationem
572 3687 618 3741 hic
638 3703 749 3755 quoque
768 3683 926 3758 χοιρίσκους
943 3694 1016 3752 τρεῖς
1034 3685 1184 3740 sacrificari
1203 3703 1226 3738 v.
1243 3691 1277 3738 68
1297 3685 1424 3755 legimus.

305 3772 349 3840 92)
373 3768 514 3838 mysteriis
529 3767 680 3822 Eleusiniis
694 3767 724 3820 id
738 3766 845 3821 factum
860 3781 920 3820 esse
934 3765 1046 3819 Lobeck
1061 3767 1195 3837 Aglocpb.
1210 3784 1236 3834 p.
1250 3770 1366 3834 183sqq.
1378 3765 1544 3834 exHesyc-h.

233 3869 254 3906 s.
265 3870 288 3905 v.
305 3850 375 3912 Διὸς
392 3849 497 3904 κώδιον
517 3847 670 3917 collegerat
688 3847 829 3901 coniciens
848 3845 1008 3900 daduchum
1022 3851 1093 3900 Δῖον
1112 3862 1194 3899 suum
1211 3861 1280 3915 prae
1298 3845 1429 3898 manibus
1443 3845 1546 3902 tulisse

233 3949 266 3986 ac
290 3933 446 4000 mystarum
475 3928 643 3993 contionem,
667 3930 699 3980 ut
722 3928 752 3980 in
776 3925 959 3980 sollemnibus
982 3925 1081 3996 populi
1105 3925 1286 3980 conventibus
1309 3941 1369 3978 mos
1393 3928 1454 3980 erat
1476 3926 1544 3996 (vid.

232 4012 319 4065 verba
336 4009 568 4078 Harpocrationis
588 4027 608 4062 s.
621 4025 645 4062 v.
661 4007 821 4074 καθάρσιον
838 4005 925 4076 paulo
943 4006 1018 4060 infra
1037 4004 1152 4076 adlata),
1170 4005 1310 4059 lustrandi
1325 4021 1410 4059 causa
1424 4006 1546 4060 circum-

233 4090 327 4159 ivisse,
347 4090 395 4144 sed
415 4088 550 4158 Hesychii
569 4087 766 4158 interpretatio
786 4087 919 4157 ambigua
938 4089 988 4153 est,
1008 4085 1044 4140 cf.
1063 4103 1126 4140 oum
1140 4085 1261 4140 Fouaart
1280 4085 1394 4140 Grande
1408 4086 1547 4156 Mystires

233 4189 261 4239 p.
278 4177 310 4223 51
330 4171 392 4225 tum
410 4169 588 4240 Pringsheim
607 4170 689 4223 Aret.
705 4171 792 4224 Beitr.
807 4184 830 4222 τ.
848 4167 1176 4222 desudassemus
1193 4183 1221 4235 p.
1236 4171 1318 4234 περ.

305 4253 350 4318 93)
368 4249 493 4304 velutin
512 4249 646 4318 Hesychii
665 4249 760 4319 glossa
779 4251 836 4302 not.
852 4253 885 4300 92
905 4245 1034 4301 laudata:
1054 4255 1175 4316 χρῶνται
1193 4245 1224 4302 δὲ
1241 4247 1339 4315 (Iccio)
1359 4277 1392 4286 -
1408 4277 1442 4286 -
1461 4244 1545 4301 όιία-

235 4331 336 4399 όοῦχος
354 4329 384 4384 ἐν
400 4327 539 4385 Ἐλευσῖνι
558 4330 606 4384 καί
624 4329 702 4384 ἄλλοι
721 4330 795 4390 τινὲς
808 4329 878 4393 πρὸς
891 4329 957 4389 τοὺς
974 4327 1177 4395 καθαρμοὺς
1194 4326 1456 4394 ὑποστρωννόοντες
1470 4325 1545 4380 abs&

234 4417 293 4470 τοῖς
310 4411 376 4463 noel
394 4419 450 4464 τῶν
470 4410 607 4480 ἐναγῶν.
635 4409 674 4463 cf.
686 4410 773 4464 etiam
783 4407 923 4462 Wissowa
936 4407 1024 4477 Relip.
1035 4425 1062 4460 ν.
1074 4407 1179 4462 Kultaa
1192 4406 1219 4460 d.
1230 4408 1331 4462 somer
1343 4423 1370 4475 p.
1381 4411 1434 4460 3119
1448 4409 1507 4460 not.
1518 4412 1543 4460 2.

307 4491 352 4558 94)
378 4489 413 4543 cf.
428 4489 493 4544 Eur.
508 4489 568 4558 Iph.
583 4489 666 4544 Tanr.
683 4495 750 4543 122³
771 4488 896 4559 (Stcngel
916 4486 987 4543 KA’
1005 4506 1032 4556 p.
1049 4489 1118 4556 14⁶).

308 4570 352 4632 95)
376 4568 405 4620 id
424 4585 456 4623 eo
475 4570 533 4624 veri
552 4569 672 4624 similius
691 4572 741 4636 est,
761 4569 785 4622 si
804 4569 903 4638 μόησις
921 4585 986 4637 pars
1005 4569 1130 4637 ipsorum
1148 4565 1345 4636 mysteriorum
1364 4565 1545 4620 sollemnium

235 4662 291 4700 non
310 4646 377 4701 fuit:
397 4648 432 4702 el.
451 4665 524 4717 quae
543 4650 702 4720 nuperrime
725 4651 760 4704 de
783 4650 837 4703 hac
855 4665 886 4704 re
905 4649 986 4702 docte
1006 4649 1035 4701 et
1052 4647 1192 4718 sagaciter
1215 4646 1347 4701 disseruit
1365 4645 1545 4716 Pringsheim

236 4722 254 4780 l.
270 4743 292 4779 c.
311 4745 340 4795 p.
354 4731 453 4796 38sqq.
1490 4725 1499 4745 ⁸

308 4809 352 4875 96)
380 4806 498 4861 formam
522 4825 538 4864 e
562 4810 725 4865 confusione
748 4809 971 4865 accusativomm
994 4806 1106 4864 ἐπίτεκα
1130 4807 1166 4861 ab
1190 4804 1281 4872 ἐπίτεξ
1305 4809 1333 4861 et
1352 4805 1483 4862 ἐπίτοκον
1507 4806 1546 4861 ab

237 4881 365 4946 ἐπίτομος
388 4889 476 4941 ortam
492 4890 619 4960 ‚putabat
642 4891 681 4960 S.,
710 4890 759 4945 sed
782 4891 877 4959 potius
899 4889 930 4942 in
952 4888 1124 4943 nominativo
1148 4907 1169 4955 ε,
1197 4887 1226 4941 in
1250 4887 1362 4942 casibus
1384 4885 1508 4955 obliquis
1528 4905 1547 4941 ο
