3434 5464
640 397 807 452 musaeu
825 416 851 454 n.
868 403 1007 454 roo-103
1412 395 1478 462 283

256 567 476 646 Argumentum
508 567 583 646 legis
615 567 780 645 posteriore
807 571 892 645 parte
919 567 951 627 H
978 586 1005 626 a.
1028 566 1094 626 our.
1118 587 1146 626 n.
1170 567 1281 627 saeculi
1297 567 1479 650 inscriptae,

170 669 315 740 quantum
339 667 535 743 cognoscitur,
559 666 710 742 singulare
735 683 769 725 ac
792 667 866 726 satis
889 667 998 725 mirum
1021 669 1078 726 est:
1101 685 1241 726 numerus
1265 667 1345 725 enim
1367 665 1479 724 hostia-

168 783 244 836 rum,
267 781 341 839 quas
360 763 493 822 homines
512 764 625 840 privati
644 761 785 839 praebere
804 763 952 838 deberent,
976 763 1115 824 definitum
1134 767 1207 824 erat.
1243 763 1280 822 Id
1298 762 1378 839 quod
1396 762 1479 821 nullo

169 861 256 921 modo
281 860 409 938 deipsis
428 863 614 937 privatorum
633 861 786 921 sacrificiis
806 862 900 938 accipi
914 879 1000 939 posse
1016 864 1103 939 puto,
1126 861 1263 921 solebant
1275 863 1355 920 enim
1374 863 1481 937 opinor

168 959 257 1032 cives,
275 976 342 1016 cum
357 960 477 1035 privata
490 977 575 1018 sacra
593 957 751 1032 faciebant,
770 978 862 1018 unam
880 959 1011 1019 hostiam
1025 959 1138 1019 offerre.
1172 957 1322 1020 concludo
1337 961 1432 1037 igitur
1447 977 1479 1018 re

168 1075 239 1116 vera
262 1056 298 1116 de
320 1056 449 1132 publicis
472 1056 650 1134 quibusdam
674 1056 826 1116 sacrificiis
850 1057 900 1135 agi
923 1061 953 1116 et
976 1059 1019 1116 sic
1040 1075 1104 1116 rem
1127 1057 1255 1134 explico:
1278 1058 1388 1117 multas
1410 1057 1480 1116 illas

167 1154 291 1228 hostias,
314 1153 424 1229 quibus
442 1155 607 1214 maioribus
625 1157 708 1214 feriis
726 1154 863 1214 Jscamm
887 1172 961 1231 opus
981 1158 1054 1228 erat,
1076 1174 1136 1214 nou
1156 1157 1305 1232 emptione
1328 1155 1481 1230 hieropoei

168 1253 217 1312 vel
236 1251 348 1312 similes
366 1255 562 1330 magistratus
581 1252 804 1328 comparabant,
823 1252 874 1312 sed
891 1253 951 1330 ipsi
970 1256 1050 1312 cives
1069 1256 1182 1312 certum
1201 1272 1255 1330 pro
1275 1255 1335 1312 suis
1354 1255 1479 1329 quisque

169 1350 275 1427 opibus
298 1370 454 1409 numerum
474 1343 691 1432 praebebant¹)
715 1369 854 1410 enorme
871 1351 928 1410 bac
946 1352 1012 1429 lege
1035 1353 1209 1426 constituta,
1232 1369 1323 1428 quam
1345 1369 1480 1411 normam

168 1451 204 1521 ii,
228 1450 280 1524 qui
302 1448 391 1508 ferias
416 1447 668 1508 administrabant
688 1449 862 1525 hostiasque
885 1449 1056 1528 exigebant,
1080 1449 1217 1508 excedere
1239 1468 1301 1508 non
1324 1447 1479 1507 debebant.

171 1545 257 1616 Quod
275 1549 399 1606 sirecte
423 1547 525 1623 statui,
549 1565 584 1605 ex
602 1547 658 1606 hoc
676 1547 766 1606 titulo
786 1547 978 1607 memorabile
996 1547 1152 1626 vectigalis
1171 1564 1264 1626 genus
1283 1548 1479 1626 cognoscitur.

171 1643 308 1704 Getemm
341 1643 483 1720 quoniam
515 1646 682 1721 praeceptis
710 1643 822 1704 decreti
849 1645 922 1722 ipsis
955 1647 1088 1721 spatium
1115 1665 1142 1704 v.
1167 1647 1259 1704 1—2
1289 1646 1393 1720 utique
1421 1663 1481 1704 non

169 1741 289 1816 sufficit,
312 1745 338 1801 si
361 1741 450 1802 modo
472 1747 552 1802 reete
576 1741 672 1802 editor
694 1743 825 1819 lapidem
848 1743 980 1819 undique
1003 1745 1156 1821 integrum
1182 1741 1271 1818 dixit,
1297 1743 1354 1802 hac
1376 1741 1481 1802 tabula

170 1841 273 1916 altera,
297 1859 374 1917 quae
392 1843 523 1916 priorem
545 1843 663 1916 partem
686 1839 798 1900 decreti
821 1840 986 1918 exhibebat,
1010 1841 1209 1901 continuatur.

258 2035 328 2092 loa.
352 2035 430 2090 Stela
443 2035 590 2091 marmoris
607 2035 666 2090 albi
680 2052 698 2090 a
712 2036 827 2090 sinistra
841 2037 961 2106 integra,
980 2035 1081 2091 effossa
1095 2035 1175 2091 Pari
1193 2035 1224 2090 in
1237 2036 1400 2107 Aesculapii
1414 2035 1480 2091 fano

169 2132 274 2186 paucos
292 2133 392 2187 passus
412 2116 486 2171 infra
506 2131 583 2170 aram
602 2133 735 2186 magnam
755 2117 851 2172 ‘erebra
869 2119 917 2172 der
935 2123 1074 2172 cumaea
1088 2117 1195 2172 Subiciet
1212 2117 1261 2171 der
1277 2119 1380 2188 proteu
1398 2117 1481 2172 νιόνιί-

169 2197 257 2252 lr'cbca
276 2189 526 2265 Abactlrrssreaum
545 2197 577 2250 ia
595 2198 671 2252 cicer
692 2198 775 2264 Tiefc,
797 2198 829 2251 ic
848 2197 892 2252 die
911 2200 951 2253 sic
967 2198 1085 2252 acerbat
1102 2197 1185 2251 dcrea
1203 2198 1270 2252 Βαν
1288 2200 1326 2252 im
1345 2197 1482 2252 Altcrtam

167 2282 280 2350 pecten
296 2279 355 2332 aaa
373 2278 469 2332 tunc!
507 2277 578 2330 Edd.
599 2277 631 2332 Ο.
645 2275 817 2332 Rubensohn
836 2277 921 2332 MAI
936 2276 1038 2332 XXVII
1057 2279 1149 2346 (1902)
1167 2295 1195 2346 p.
1211 2282 1263 2331 220
1282 2279 1311 2332 et
1329 2293 1393 2331 cum
1411 2277 1481 2330 ima·

168 2356 235 2428 gine
253 2357 480 2428 photographica
498 2356 589 2411 Hiller
607 2357 642 2411 de
662 2356 832 2427 GArtringen
851 2359 873 2412 I
876 2357 902 2412 G
919 2357 1001 2412 xus
1021 2375 1048 2412 n.
1065 2363 1124 2412 150.

722 2603 912 2676 m..

715 2715 778 2781 ἔεω
831 2720 892 2781 τῶ-

715 2822 749 2908 ν]
796 2823 861 2888 λίθ-

680 2946 696 2993 o
716 2950 771 2994 ων.

258 3093 350 3172 Lapis
373 3093 602 3174 βουστροφηδὸν
626 3099 715 3171 atque
738 3097 830 3154 etiam
852 3096 914 3154 fere
937 3095 1093 3174 στοιχηδὸν
1120 3097 1280 3171 inscriptus
1305 3098 1350 3155 est
1372 3095 1483 3154 litteris

170 3195 282 3270 optime
301 3196 441 3268 exaratis,
459 3195 631 3270 intorques
649 3194 746 3253 forma
762 3183 786 3256 5
804 3194 884 3269 apud
898 3193 1002 3254 Parios
1021 3213 1081 3253 non
1099 3193 1159 3253 nisi
1174 3195 1206 3252 in
1220 3194 1276 3252 hoc
1290 3196 1482 3252 monumento

170 3293 307 3372 occurrit.
344 3290 421 3350 Fani
444 3295 544 3350 autem
568 3292 693 3351 alicuius
716 3291 861 3350 terminus
883 3292 976 3351 fuisse
994 3292 1121 3366 ridetur,
1145 3310 1204 3367 quo
1223 3291 1358 3350 homines
1379 3291 1482 3349 fanum

171 3392 233 3450 sive
257 3391 378 3449 omnino
400 3389 513 3450 intrare
536 3390 598 3450 sire
622 3391 704 3448 intra
722 3389 785 3448 eius
805 3389 877 3448 fines
901 3389 999 3449 nescio
1022 3389 1095 3466 quid
1118 3390 1214 3448 facere
1233 3388 1422 3462 vetabantur,
1446 3389 1482 3447 cf.

170 3509 198 3548 n.
215 3489 255 3547 66
284 3485 364 3567 ὅρος·
389 3485 429 3566 μὴ
453 3486 625 3567 τοιχοδομέν
648 3485 731 3558 ἐντὸς
754 3495 813 3546 τῶν
836 3485 914 3566 ὅρων
938 3485 1060 3565 ἰδιώτην
1078 3490 1109 3547 et
1127 3507 1155 3544 n.
1173 3487 1235 3546 199
1260 3484 1347 3565 ὄρρος
1369 3489 1402 3545 νδ
1422 3485 1482 3567 [apd

170 3583 249 3646 τότο·
273 3584 360 3658 duddo
382 3584 422 3664 μὴ
446 3583 583 3645 θάπτειν.

259 3683 352 3759 Lapis
376 3683 432 3743 etsi
454 3685 534 3742 inter
556 3682 665 3742 rudera
687 3682 838 3758 Asclepiei
859 3684 1000 3743 inventus
1024 3685 1077 3758 est,
1100 3686 1201 3741 tamen
1224 3684 1295 3758 quia
1319 3684 1417 3741 aetate
1439 3682 1483 3739 in·

171 3782 342 3859 scriptionis
370 3780 568 3857 Aesculapius
596 3781 707 3841 Parum
739 3780 819 3840 haud
849 3779 937 3840 dubie
964 3779 1095 3840 noudum
1122 3783 1259 3854 venerat,
1286 3798 1345 3839 nou
1374 3779 1413 3838 ad
1439 3797 1483 3838 re-

172 3880 286 3940 centius
314 3879 483 3955 delubrum,
515 3879 594 3955 quod
622 3878 796 3954 Aesculapii
823 3879 893 3953 fuit,
925 3878 977 3937 sed
1006 3879 1044 3937 ad
1071 3878 1199 3936 alterum
1226 3877 1303 3936 illud
1330 3877 1483 3953 antiquius

171 3979 314 4055 pertinet,
348 3979 432 4036 cuius
460 3976 657 4036 fundamenta
684 3976 787 4037 eodem
817 3976 883 4036 loco
910 3976 1008 4035 Hiller
1035 3980 1066 4035 et
1092 3975 1273 4035 Rubensohn
1302 3967 1483 4056 eruerunt.¹)

172 4075 258 4146 Quod
284 4075 332 4134 illi
358 4079 477 4152 partem
504 4075 594 4135 fuisse
622 4077 731 4150 putant
758 4075 823 4134 faui
844 4074 995 4150 Apollinis
1022 4073 1139 4150 Pythii,
1171 4075 1254 4133 cuius
1282 4072 1429 4149 templum
1452 4075 1484 4131 in

171 4176 325 4251 superiore
349 4173 427 4233 olivo
450 4164 560 4254 erat'),
589 4177 678 4250 atque
701 4173 780 4232 bunc
803 4173 901 4249 ipsam
924 4172 997 4232 olim
1019 4171 1062 4230 ibi
1085 4171 1174 4230 deum
1200 4171 1347 4231 medicum
1370 4171 1482 4230 cultum

172 4277 203 4332 et
226 4275 331 4348 postea
353 4270 472 4330 demum
495 4270 534 4330 ab
557 4270 737 4346 Aesculapio
759 4273 908 4329 remotum
929 4287 993 4329 esse
1016 4271 1213 4346 suspicantur.
1251 4267 1309 4327 Sed
1327 4271 1425 4328 nescio
1445 4288 1484 4328 an

171 4369 221 4429 hic
243 4387 303 4429 non
325 4368 425 4444 ipsum
443 4368 624 4444 Apollinem,
647 4368 699 4428 sed
722 4369 841 4428 heroem
864 4367 1013 4445 quendam
1036 4367 1192 4442 medicum,
1217 4367 1319 4444 quales
1342 4366 1483 4443 permulti

171 4469 203 4526 in
228 4465 354 4526 Graecia
378 4465 559 4542 colebantur,
582 4468 750 4526 removerit.

224 4612 228 4621 '
263 4621 289 4689 1)
317 4617 437 4673 conferri
460 4620 578 4687 possunt
602 4634 648 4686 ea,
672 4633 745 4688 quae
768 4618 798 4672 in
821 4617 904 4672 lastis
922 4616 986 4673 Cois
1010 4617 1045 4672 de
1069 4617 1257 4686 comparando
1283 4617 1354 4671 bove
1373 4616 1482 4671 delecto

172 4698 385 4770 praecipiuntur
403 4699 495 4768 (Preti
512 4715 539 4754 n.
554 4703 570 4751 5
586 4725 619 4744 =
633 4697 716 4770 sylv
736 4699 859 4768 o1ein.);
879 4697 913 4752 oi.
933 4698 1019 4752 etiam
1037 4715 1065 4750 n.
1080 4701 1114 4751 88
1132 4713 1156 4750 v.
1172 4701 1273 4765 25sqq.

263 4825 289 4892 1)
316 4823 373 4878 rid.
389 4823 475 4881 MAI
488 4823 507 4878 l.
523 4841 546 4878 c.
565 4841 592 4894 p.
608 4829 726 4893 200sqq.

262 4906 290 4974 2)
317 4903 372 4960 rid.
396 4905 463 4959 ibid.
485 4922 512 4974 p.
534 4909 584 4958 190
595 4921 655 4973 sqq.
675 4906 704 4958 et
726 4909 778 4958 235
789 4921 842 4971 sq.;
872 4903 907 4957 da
930 4900 1062 4973 Apolline
1089 4901 1142 4956 deo
1169 4901 1279 4956 medico
1307 4900 1341 4954 cf.
1365 4899 1484 4954 Preller·

173 4983 279 5040 Robert
300 4984 370 5041 cM
385 5002 412 5055 p.
429 4990 527 5054 illsq.
