3434 5464
670 383 833 440 ltHODIAE
852 403 877 440 n.
895 389 944 440 147
1393 383 1464 449 363-

239 557 420 633 Excerptum
439 553 588 631 plebisciti
608 554 643 614 de
662 555 835 632 anagrapha
854 554 1053 629 sacerdotum,
1071 553 1189 614 litterae
1209 555 1282 614 satis
1302 553 1460 631 diligenter

146 655 313 732 inscriptae
345 657 376 713 et
404 652 538 731 apicibus
571 654 694 713 ornatae
722 671 756 712 se
757 653 850 712 tatem
878 651 1011 711 indicant
998 655 1116 710 tsnno
1140 671 1165 710 a.
1186 651 1252 711 Chr
1272 672 1299 710 n.
1322 653 1385 711 100
1412 649 1461 711 ιαέ

147 755 309 814 centicrem
335 754 436 829 potius
461 769 551 826 quam
575 749 783 826 antiquiorem.

238 851 424 928 Anagrapha
457 847 623 908 cuiusmodi
655 847 759 921 fucrit,
791 849 917 924 apparet
948 866 1018 906 voce
1051 845 1194 928 ἱερατείαν
1227 869 1252 908 v
1276 849 1325 907 14.
1377 837 1458 917 Quae

146 969 220 1010 sane
243 968 304 1008 non
326 949 389 1007 ium
411 948 583 1026 integram
608 945 706 1023 lapide
730 947 813 1005 extat
835 965 888 1005 nec
912 964 981 1005 vero
1004 949 1057 1022 pot
1059 948 1103 1004 est
1126 946 1207 1004 aliud
1233 945 1410 1006 vocabulum
1429 949 1459 1004 et

146 1047 284 1126 vestigiis
308 1045 419 1123 lapidis
443 1048 473 1104 et
496 1047 596 1105 sensui
619 1043 713 1123 magis
737 1047 841 1120 aptum
864 1043 1004 1120 suppleri.
1043 1043 1154 1112 Quodsi
1178 1044 1284 1103 merito
1308 1043 1458 1102 Hillerum

147 1145 243 1206 secuti
267 1146 324 1204 hsc
346 1145 475 1203 lectione
497 1146 653 1219 tamquam
676 1144 756 1201 certa
773 1143 909 1217 nitimur,
932 1141 1007 1202 duae
1027 1144 1129 1200 statim
1148 1161 1194 1202 res
1213 1141 1281 1201 inde
1301 1144 1458 1220 apparent:

241 1247 268 1303 1.
302 1244 455 1302 decretum
487 1260 546 1301 non
575 1241 726 1300 adunam
755 1243 926 1318 certumque
951 1239 1149 1300 sacerdotium
1173 1243 1314 1316 pertinet,
1347 1241 1398 1300 sed
1420 1240 1458 1299 ad

147 1344 257 1402 cuncta
294 1339 480 1400 Rhodiorum
517 1339 696 1414 sacerdotia,
734 1339 874 1414 quoniam
912 1339 1000 1398 aliter
1036 1337 1178 1418 ἴερατείαν
1215 1337 1349 1416 profiteri
1386 1356 1459 1414 opus

148 1460 210 1500 non
234 1431 335 1520 emti)

241 1540 269 1596 2
302 1555 363 1596 non
389 1537 422 1595 id
450 1536 514 1613 agit
516 1537 630 1610 ur‚ut
657 1537 690 1593 in
716 1534 841 1612 singulis
869 1535 1024 1612 templis
1015 1537 1089 1611 1psis
1117 1534 1247 1612 catalogi
1274 1533 1459 1595 sacerdotum

148 1635 309 1696 conficiant
310 1654 412 1694 nr—
436 1653 472 1692 ne
495 1635 540 1692 ita
563 1632 684 1710 quidem
707 1632 905 1693 sacerdotium
929 1632 1074 1693 ascribere
1097 1651 1173 1707 opus
1201 1635 1332 1692 erat-
1355 1631 1406 1692 sed
1429 1631 1459 1690 id

149 1736 201 1811 agi
224 1733 376 1810 perspexit
393 1732 536 1806 Hillerus,
559 1734 594 1792 ut
611 1730 806 1792 sacerdotes
797 1751 827 1789 ιιι
846 1730 981 1806 publicas
1000 1729 1183 1790 Rhodiorum
1202 1731 1320 1790 chartas
1339 1729 1460 1789 nomina

149 1832 355 1905 inscriberent,
388 1831 466 1890 unde
494 1829 592 1904 simul,
621 1849 711 1906 quem
739 1830 776 1890 ob
799 1849 861 1888 rem
884 1829 1020 1889 sacerdos
1049 1829 1127 1888 Solis
1155 1821 1203 1905 ἐφ’
1229 1819 1266 1888 od
1294 1825 1373 1907 ἔλαχε
1400 1829 1419 1886 i.
1435 1847 1459 1886 c.

150 1949 315 2007 eponymus
337 1931 382 1988 rei
405 1927 542 2004 publicae
565 1926 748 1986 Rhodiorum
772 1927 961 1987 ascribendus
984 1927 1084 2000 fuerit,
1107 1918 1313 2007 dxplicatnr.⁴)

239 2025 345 2085 Altera
374 2046 408 2086 ex
436 2028 521 2102 parte
551 2027 577 2085 si
603 2027 636 2084 in
663 2024 735 2084 urbe
763 2024 828 2102 ipsa
851 2025 975 2085 Rhodiis
1003 2046 1038 2085 ea
1065 2045 1111 2085 res
1140 2026 1246 2086 maiori
1272 2045 1360 2086 curas
1388 2027 1460 2099 erat,

150 2127 242 2185 etiam
270 2125 434 2202 municipia
462 2123 636 2200 diligentius
663 2125 809 2182 rationem
838 2126 902 2183 eius
925 2124 1063 2183 habuisse
1087 2127 1117 2182 ct
1140 2126 1172 2184 ιιι
1194 2123 1314 2200 templis
1335 2125 1460 2203 singulis

150 2222 320 2300 sacerdotes
349 2221 575 2282 conscribendos
603 2221 751 2280 curavisse
777 2222 865 2280 facile
893 2222 1081 2302 intellegitur
1108 2225 1139 2282 et
1165 2224 1221 2282 hac
1244 2224 1360 2281 ratione
1383 2241 1459 2281 conr-

149 2321 322 2382 mcdissime
351 2319 519 2396 explicandi
547 2311 647 2400 sunt⁵)
671 2319 707 2394 ii,
735 2321 788 2397 qui
816 2323 919 2380 extant
948 2322 1026 2380 inter
1048 2321 1153 2380 titulos
1177 2320 1308 2380 Rhodios
1331 2320 1459 2396 catalogi

150 2419 339 2480 sacerdotum
369 2437 434 2477 curn
463 2409 550 2498 alii⁶)
579 2419 646 2477 tum
674 2417 713 2491 is,
742 2420 794 2492 qui
817 2419 920 2478 cadem
944 2420 1005 2478 fere
1028 2421 1126 2478 aetate
1149 2419 1310 2494 inscriptus
1334 2421 1379 2478 est
1402 2437 1462 2494 qua

150 2519 206 2577 hoo
229 2517 390 2591 decretum,
414 2516 605 2594 ansgraphen
626 2515 825 2576 Gamirensem
844 2517 910 2576 dico
929 2517 1116 2576 sacerdotum
1133 2515 1280 2593 Apollinis
1295 2515 1461 2591 Erethimii,

150 2619 236 2677 cuius
255 2621 373 2693 partem
391 2615 498 2674 saltem
517 2614 657 2687 exscribo,
676 2617 711 2673 ut
725 2616 871 2691 quomodo
891 2618 970 2675 inter
983 2634 1014 2676 se
1029 2615 1245 2691 discrepuerint
1262 2615 1305 2673 rei
1323 2613 1460 2690 publicae

150 2717 180 2775 et
205 2715 392 2792 singulorum
416 2713 595 2789 templorum
619 2713 818 2790 anagrsphac,
841 2715 994 2789 appareat.
1033 2712 1081 2773 Ita
1104 2715 1182 2772 enirn
1205 2713 1258 2771 illa
1281 2715 1374 2772 currit
1393 2707 1462 2794 (1c

150 2812 243 2872 XHl
268 2833 297 2872 n.
319 2813 384 2872 730
403 2837 445 2859 =
465 2809 574 2870 Michel
598 2809 661 2868 875
682 2835 724 2857 =
742 2803 829 2886 spic*
848 2803 942 2892 609):

493 2939 620 3017 Ἱερεῑ(
644 2938 888 3005 Ἀπόλλωνος
912 2940 1122 3020 ’speciosos

278 3055 468 3126 π]ανάγ(υριε)
543 3063 547 3072 ’
707 3053 873 3121 Μηνόφιλο(
893 3055 1068 3122 Ἐπικράτευε
1088 3053 1285 3120 Βρυγινδάριο(

706 3143 889 3212 Πειεικράτηε
907 3145 1085 3210 Δαμαινέτου
1107 3142 1232 3196 Ἰετάνιοε

277 3235 456 3301 πανάγωριε)
708 3231 883 3300 Ἀγηειλοχο(
902 3234 1082 3288 Κλευεθένευε
1102 3231 1228 3286 Ἰετάνιοε

708 3321 919 3390 Ἀετυκρατίδα(
939 3323 1139 3388 Καλλιετράτου
1160 3321 1341 3387 Ὑπερεγχειίε

277 3412 460 3481 τ]ριε(τηριε),
479 3412 681 3481 [π]ανάγ(υριε)
705 3412 861 3479 Πραξιφῶν
882 3411 1111 3480 Ἀρι(τομβρότου
1132 3411 1329 3478 Βρυγινδάριο(

705 3501 876 3553 Δεξιναύταε
897 3499 1052 3566 Ἀγήμονα(
1071 3499 1196 3554 Ἰετάνιο(

278 3591 412 3658 ‘Harpalo
706 3589 874 3656 Τειεαγόραε
892 3589 1044 3656 Τειεαγόρα
1064 3587 1233 3643 Νεαπολίτας
1253 3592 1309 3642 κτλ.

243 3712 429 3787 Oui'indici,
457 3732 545 3788 quern
569 3692 728 3788 paullatim
751 3713 930 3788 inscriptum
953 3731 1015 3772 esse
1040 3712 1158 3772 diversa
1184 3731 1326 3772 manuum
1349 3712 1465 3774 litters-

151 3816 222 3872 tura
240 3811 351 3888 prodit,
371 3829 463 3870 annos
482 3813 621 3869 nimirum
641 3829 701 3869 non
716 3811 925 3886 ascripserunt,
945 3811 1016 3886 quia
1031 3829 1162 3870 annuum
1179 3813 1244 3870 erat
1257 3810 1466 3884 sacerdotium,

152 3915 183 3970 et
206 3910 310 3984 deum,
337 3909 374 3968 de
402 3911 486 3968 cuius
510 3907 675 3968 sacerdotio
699 3908 856 3985 agebatur,
883 3911 915 3966 in
938 3909 1036 3984 capite
1058 3908 1169 3985 lapidis
1191 3908 1368 3970 indicavisse
1391 3912 1465 3970 satis

153 4012 227 4068 erat.
282 4007 395 4066 Iterum
428 4007 476 4066 hio
508 4006 600 4065 seriae
633 4007 686 4066 deo
721 4025 774 4083 per
806 4006 963 4066 sacerdotii
999 4010 1117 4082 tempus
1150 4011 1235 4066 actae
1267 4007 1463 4067 ascribuntur.

155 4107 295 4166 Ceterum
319 4106 467 4164 clettam
490 4125 517 4162 n.
541 4105 602 4162 143
627 4107 658 4163 ct
682 4106 753 4163 154.

243 4260 270 4328 3)
298 4275 387 4311 unum
412 4273 479 4310 sane
507 4255 548 4310 ita
571 4255 700 4310 offendit:
730 4255 850 4310 altorum
873 4257 908 4311 de
931 4273 1047 4310 numero
1071 4273 1220 4326 annorum,
1249 4275 1318 4326 quos
1347 4257 1466 4330 quisque

152 4339 312 4394 sacerdotio
331 4338 445 4392 functus
465 4338 514 4402 sit,
541 4337 693 4390 indicando
712 4339 895 4406 pracceptum
914 4337 955 4391 ita
972 4337 1184 4407 pronuntiatur,
1208 4338 1290 4406 quasi
1308 4339 1345 4392 ad
1364 4343 1466 4394 cuncta

153 4419 311 4474 sacerdotia
335 4419 489 4488 pertineat,
518 4434 581 4470 cum
605 4420 701 4472 tamen
723 4434 780 4471 non
802 4435 893 4487 pauca
916 4420 1001 4486 atque
1024 4417 1098 4472 intcr
1121 4434 1154 4471 ea
1176 4419 1373 4488 gravissimum
1393 4419 1466 4476 Solis

154 4498 345 4554 sacerdotium
364 4515 489 4552 emaum
508 4497 600 4552 fuerit.
638 4497 697 4551 Nec
716 4499 811 4553 tamen
834 4497 897 4552 idco
917 4496 1018 4552 Hilleri
1036 4498 1233 4567 interpretatio
1252 4499 1394 4554 reicienda
1414 4504 1466 4569 est,
1538 4561 1543 4570 ,

155 4581 205 4636 scd
224 4577 342 4634 offensio
362 4582 493 4648 excerpto
512 4577 671 4632 tribuenda.

244 4663 271 4729 4)
300 4659 457 4729 municipes
476 4659 551 4714 enim
570 4657 648 4714 velut
666 4657 760 4712 Lindii
782 4659 937 4713 secundum
955 4658 1096 4714 Minervae
1116 4659 1161 4729 (cf.
1181 4661 1285 4729 ιι.150)
1305 4661 1466 4717 sacerdotes

154 4757 243 4795 annos
262 4740 387 4795 indicare
407 4738 542 4794 solebant.

244 4823 271 4890 b)
300 4837 373 4889 quae
392 4819 544 4889 explicatio
565 4819 670 4874 Hillero
690 4819 815 4874 debetur

245 4905 271 4972 6)
300 4903 479 4962 Ποσειδῶνος
502 4896 623 4966 Ἱππίου,
651 4900 729 4954 cuius
757 4900 895 4970 templum
917 4901 1043 4970 Lorymis
1071 4918 1158 4972 prope
1182 4901 1301 4956 Lindum
1325 4902 1380 4957 fnit-
1403 4905 1433 4975 (1
1437 4905 1463 4958 G

155 4982 236 5036 4111
257 5000 283 5037 n.
301 4983 362 5052 926)
383 4984 412 5036 et
429 4980 530 5036 incerti
550 4979 595 5034 dei
615 4979 782 5036 Camircnsis
801 4981 878 5052 (ibid.
895 4985 966 5052 697).
