<?xml version="1.0" encoding="UTF-8"?>
<!DOCTYPE html PUBLIC "-//W3C//DTD XHTML 1.0 Transitional//EN"
    "http://www.w3.org/TR/xhtml1/DTD/xhtml1-transitional.dtd">
<html xmlns="http://www.w3.org/1999/xhtml" xml:lang="en" lang="en">
 <head>
  <title>
</title>
<meta http-equiv="Content-Type" content="text/html;charset=utf-8" />
  <meta name='ocr-system' content='tesseract 3.04.00' />
  <meta name='ocr-capabilities' content='ocr_page ocr_carea ocr_par ocr_line ocrx_word'/>
</head>
<body>
  <div class='ocr_page' id='page_1' title='image "./legesgraecorums00ziehgoog_0052.png"; bbox 0 0 3426 5462; ppageno 0'>
   <div class='ocr_carea' id='block_1_1' title="bbox 710 231 1477 300">
    <p class='ocr_par' dir='ltr' id='par_1_1' title="bbox 710 231 1477 300">
     <span class='ocr_line' id='line_1_1' title="bbox 710 231 1477 300; baseline 0 -12"><span class='ocrx_word' id='word_1_1' title='bbox 710 231 866 288; x_wconf 64' lang='lat' dir='ltr'>mulces</span> <span class='ocrx_word' id='word_1_2' title='bbox 885 239 944 288; x_wconf 68' lang='grc' dir='ltr'>σθ</span> <span class='ocrx_word' id='word_1_3' title='bbox 1432 233 1477 300; x_wconf 83' lang='grc'>39</span> 
     </span>
    </p>
   </div>
   <div class='ocr_carea' id='block_1_2' title="bbox 161 396 1544 3824">
    <p class='ocr_par' dir='ltr' id='par_1_2' title="bbox 161 396 1544 3824">
     <span class='ocr_line' id='line_1_2' title="bbox 165 396 1479 482; baseline 0 -18"><span class='ocrx_word' id='word_1_4' title='bbox 165 399 219 464; x_wconf 78' lang='grc' dir='ltr'>καί</span> <span class='ocrx_word' id='word_1_5' title='bbox 242 399 307 480; x_wconf 86' lang='grc' dir='ltr'><strong><em>τ]ὸς</em></strong></span> <span class='ocrx_word' id='word_1_6' title='bbox 334 396 483 482; x_wconf 85' lang='grc' dir='ltr'><strong><em>μετοί[ιιος</em></strong></span> <span class='ocrx_word' id='word_1_7' title='bbox 510 397 621 482; x_wconf 64' lang='lat' dir='ltr'>eqeb,</span> <span class='ocrx_word' id='word_1_8' title='bbox 650 420 728 479; x_wconf 87' lang='lat' dir='ltr'>quae</span> <span class='ocrx_word' id='word_1_9' title='bbox 755 403 962 479; x_wconf 89' lang='lat' dir='ltr'>supplementa</span> <span class='ocrx_word' id='word_1_10' title='bbox 987 403 1124 479; x_wconf 85' lang='lat' dir='ltr'>quamvis</span> <span class='ocrx_word' id='word_1_11' title='bbox 1147 404 1302 482; x_wconf 88' lang='lat' dir='ltr'>ingeniosa</span> <span class='ocrx_word' id='word_1_12' title='bbox 1324 406 1425 464; x_wconf 88' lang='lat' dir='ltr'>tamen</span> <span class='ocrx_word' id='word_1_13' title='bbox 1447 403 1479 464; x_wconf 89' lang='lat' dir='ltr'>in</span> 
     </span>
     <span class='ocr_line' id='line_1_3' title="bbox 164 499 1479 579; baseline 0.001 -17"><span class='ocrx_word' id='word_1_14' title='bbox 164 505 283 562; x_wconf 83' lang='lat' dir='ltr'>textum</span> <span class='ocrx_word' id='word_1_15' title='bbox 306 503 436 578; x_wconf 87' lang='lat' dir='ltr'>recipere</span> <span class='ocrx_word' id='word_1_16' title='bbox 460 499 574 576; x_wconf 87' lang='lat' dir='ltr'>dubito,</span> <span class='ocrx_word' id='word_1_17' title='bbox 599 501 672 578; x_wconf 92' lang='lat' dir='ltr'>quia</span> <span class='ocrx_word' id='word_1_18' title='bbox 693 519 730 560; x_wconf 92' lang='lat' dir='ltr'>ne</span> <span class='ocrx_word' id='word_1_19' title='bbox 753 502 826 562; x_wconf 86' lang='lat' dir='ltr'>haec</span> <span class='ocrx_word' id='word_1_20' title='bbox 849 501 970 578; x_wconf 91' lang='lat' dir='ltr'>quidem</span> <span class='ocrx_word' id='word_1_21' title='bbox 993 504 1073 562; x_wconf 89' lang='lat' dir='ltr'>certa</span> <span class='ocrx_word' id='word_1_22' title='bbox 1097 503 1179 578; x_wconf 87' lang='lat' dir='ltr'>suut;</span> <span class='ocrx_word' id='word_1_23' title='bbox 1204 504 1309 579; x_wconf 87' lang='lat' dir='ltr'>utique</span> <span class='ocrx_word' id='word_1_24' title='bbox 1331 505 1479 563; x_wconf 91' lang='lat' dir='ltr'>metoecos</span> 
     </span>
     <span class='ocr_line' id='line_1_4' title="bbox 163 592 1479 682; baseline 0 -22"><span class='ocrx_word' id='word_1_25' title='bbox 163 602 248 677; x_wconf 90' lang='lat' dir='ltr'>ipsos</span> <span class='ocrx_word' id='word_1_26' title='bbox 281 619 399 676; x_wconf 92' lang='lat' dir='ltr'>quoque</span> <span class='ocrx_word' id='word_1_27' title='bbox 432 600 524 660; x_wconf 87' lang='lat' dir='ltr'>sacris</span> <span class='ocrx_word' id='word_1_28' title='bbox 550 601 623 678; x_wconf 89' lang='lat' dir='ltr'>pagi</span> <span class='ocrx_word' id='word_1_29' title='bbox 651 600 821 660; x_wconf 78' lang='lat' dir='ltr'>interfinisse</span> <span class='ocrx_word' id='word_1_30' title='bbox 846 599 989 674; x_wconf 86' lang='lat' dir='ltr'>videmus,</span> <span class='ocrx_word' id='word_1_31' title='bbox 1021 600 1057 658; x_wconf 86' lang='lat' dir='ltr'>cf.</span> <span class='ocrx_word' id='word_1_32' title='bbox 1080 621 1108 659; x_wconf 93' lang='lat' dir='ltr'>n.</span> <span class='ocrx_word' id='word_1_33' title='bbox 1135 602 1175 660; x_wconf 80' lang='lat'>12</span> <span class='ocrx_word' id='word_1_34' title='bbox 1200 592 1250 682; x_wconf 83' lang='lat' dir='ltr'>(de</span> <span class='ocrx_word' id='word_1_35' title='bbox 1273 592 1479 682; x_wconf 85' lang='lat' dir='ltr'>Hephaestiis)</span> 
     </span>
     <span class='ocr_line' id='line_1_5' title="bbox 165 697 1479 774; baseline 0.002 -17"><span class='ocrx_word' id='word_1_36' title='bbox 165 719 193 757; x_wconf 84' lang='lat' dir='ltr'>s.</span> <span class='ocrx_word' id='word_1_37' title='bbox 220 699 261 757; x_wconf 89' lang='lat'>16</span> <span class='ocrx_word' id='word_1_38' title='bbox 290 701 321 758; x_wconf 91' lang='lat' dir='ltr'>et</span> <span class='ocrx_word' id='word_1_39' title='bbox 343 715 421 774; x_wconf 86' lang='lat' dir='ltr'>quae</span> <span class='ocrx_word' id='word_1_40' title='bbox 447 697 490 756; x_wconf 92' lang='lat' dir='ltr'>ibi</span> <span class='ocrx_word' id='word_1_41' title='bbox 519 697 668 758; x_wconf 85' lang='lat' dir='ltr'>adnotavi.</span> <span class='ocrx_word' id='word_1_42' title='bbox 701 729 738 738; x_wconf 90' lang='lat'><em>-</em></span> <span class='ocrx_word' id='word_1_43' title='bbox 773 717 800 756; x_wconf 87' lang='lat' dir='ltr'>v.</span> <span class='ocrx_word' id='word_1_44' title='bbox 826 701 864 757; x_wconf 91' lang='lat'>11</span> <span class='ocrx_word' id='word_1_45' title='bbox 890 700 930 756; x_wconf 87' lang='lat' dir='ltr'>in.</span> <span class='ocrx_word' id='word_1_46' title='bbox 960 701 1013 757; x_wconf 87' lang='lat' dir='ltr'>aut</span> <span class='ocrx_word' id='word_1_47' title='bbox 1044 698 1166 757; x_wconf 88' lang='lat' dir='ltr'>deorum</span> <span class='ocrx_word' id='word_1_48' title='bbox 1193 701 1248 758; x_wconf 87' lang='lat' dir='ltr'>aut</span> <span class='ocrx_word' id='word_1_49' title='bbox 1276 699 1345 758; x_wconf 84' lang='lat' dir='ltr'>festi</span> <span class='ocrx_word' id='word_1_50' title='bbox 1372 718 1479 759; x_wconf 90' lang='lat' dir='ltr'>nomeu</span> 
     </span>
     <span class='ocr_line' id='line_1_6' title="bbox 164 794 1479 877; baseline -0.002 -19"><span class='ocrx_word' id='word_1_51' title='bbox 164 797 255 874; x_wconf 84' lang='lat' dir='ltr'>latet3</span> <span class='ocrx_word' id='word_1_52' title='bbox 279 796 414 873; x_wconf 88' lang='lat' dir='ltr'>sequitur</span> <span class='ocrx_word' id='word_1_53' title='bbox 437 796 559 856; x_wconf 87' lang='lat' dir='ltr'>verbum</span> <span class='ocrx_word' id='word_1_54' title='bbox 583 795 658 877; x_wconf 82' lang='grc' dir='ltr'><strong><em>δρᾶν</em></strong></span> <span class='ocrx_word' id='word_1_55' title='bbox 680 795 760 856; x_wconf 89' lang='lat' dir='ltr'>haud</span> <span class='ocrx_word' id='word_1_56' title='bbox 783 796 872 855; x_wconf 92' lang='lat' dir='ltr'>dubie</span> <span class='ocrx_word' id='word_1_57' title='bbox 894 813 929 855; x_wconf 89' lang='lat' dir='ltr'>ee</span> <span class='ocrx_word' id='word_1_58' title='bbox 952 797 1013 855; x_wconf 85' lang='lat' dir='ltr'>fere</span> <span class='ocrx_word' id='word_1_59' title='bbox 1032 795 1072 870; x_wconf 85' lang='lat' dir='ltr'>vi,</span> <span class='ocrx_word' id='word_1_60' title='bbox 1097 795 1133 854; x_wconf 91' lang='lat' dir='ltr'>de</span> <span class='ocrx_word' id='word_1_61' title='bbox 1152 815 1212 872; x_wconf 91' lang='lat' dir='ltr'>qua</span> <span class='ocrx_word' id='word_1_62' title='bbox 1231 794 1380 856; x_wconf 82' lang='lat' dir='ltr'><strong>Clidemus</strong></span> <span class='ocrx_word' id='word_1_63' title='bbox 1399 798 1479 873; x_wconf 87' lang='lat' dir='ltr'>apud</span> 
     </span>
     <span class='ocr_line' id='line_1_7' title="bbox 164 884 1479 974; baseline -0.003 -16"><span class='ocrx_word' id='word_1_64' title='bbox 164 895 276 958; x_wconf 82' lang='lat' dir='ltr'>Athen.</span> <span class='ocrx_word' id='word_1_65' title='bbox 299 894 370 954; x_wconf 79' lang='lat' dir='ltr'>xlv</span> <span class='ocrx_word' id='word_1_66' title='bbox 393 914 422 971; x_wconf 86' lang='lat' dir='ltr'>p.</span> <span class='ocrx_word' id='word_1_67' title='bbox 443 895 531 955; x_wconf 86' lang='grc' dir='ltr'>66οα</span> <span class='ocrx_word' id='word_1_68' title='bbox 560 893 604 956; x_wconf 78' lang='grc' dir='ltr'>δτι</span> <span class='ocrx_word' id='word_1_69' title='bbox 632 889 664 955; x_wconf 74' lang='grc' dir='ltr'><strong><em>δὲ</em></strong></span> <span class='ocrx_word' id='word_1_70' title='bbox 692 892 801 972; x_wconf 83' lang='grc' dir='ltr'><strong><em>σεμνὸν</em></strong></span> <span class='ocrx_word' id='word_1_71' title='bbox 823 884 863 970; x_wconf 76' lang='grc' dir='ltr'>ἧν</span> <span class='ocrx_word' id='word_1_72' title='bbox 886 889 905 972; x_wconf 81' lang='grc' dir='ltr'>ἡ</span> <span class='ocrx_word' id='word_1_73' title='bbox 930 892 1098 974; x_wconf 81' lang='grc' dir='ltr'><strong><em>μαγειρική,</em></strong></span> <span class='ocrx_word' id='word_1_74' title='bbox 1126 898 1237 972; x_wconf 78' lang='grc' dir='ltr'><strong><em>μαθεῖν</em></strong></span> <span class='ocrx_word' id='word_1_75' title='bbox 1265 891 1343 954; x_wconf 78' lang='grc' dir='ltr'><strong><em>ἐστιν</em></strong></span> <span class='ocrx_word' id='word_1_76' title='bbox 1365 892 1398 955; x_wconf 85' lang='grc' dir='ltr'>έιι</span> <span class='ocrx_word' id='word_1_77' title='bbox 1420 903 1479 955; x_wconf 83' lang='grc' dir='ltr'>τῶν</span> 
     </span>
     <span class='ocr_line' id='line_1_8' title="bbox 161 987 1479 1074; baseline 0 -20"><span class='ocrx_word' id='word_1_78' title='bbox 161 987 312 1072; x_wconf 79' lang='grc' dir='ltr'><strong><em>Ἀθήνησι</em></strong></span> <span class='ocrx_word' id='word_1_79' title='bbox 335 991 486 1071; x_wconf 79' lang='grc' dir='ltr'><em>Κηρύκων</em></span> <span class='ocrx_word' id='word_1_80' title='bbox 510 1025 551 1035; x_wconf 94' lang='grc'>-</span> <span class='ocrx_word' id='word_1_81' title='bbox 576 1025 618 1034; x_wconf 92' lang='grc'><strong>-</strong></span> <span class='ocrx_word' id='word_1_82' title='bbox 643 1025 685 1032; x_wconf 95' lang='grc'>-</span> <span class='ocrx_word' id='word_1_83' title='bbox 709 990 742 1052; x_wconf 90' lang='grc' dir='ltr'>οί</span> <span class='ocrx_word' id='word_1_84' title='bbox 761 990 882 1052; x_wconf 73' lang='grc' dir='ltr'><strong><em>παλαιοί</em></strong></span> <span class='ocrx_word' id='word_1_85' title='bbox 909 990 941 1052; x_wconf 85' lang='grc' dir='ltr'><strong><em>τὸ</em></strong></span> <span class='ocrx_word' id='word_1_86' title='bbox 972 990 1061 1052; x_wconf 81' lang='grc' dir='ltr'><strong><em>θύειν</em></strong></span> <span class='ocrx_word' id='word_1_87' title='bbox 1087 990 1164 1072; x_wconf 80' lang='grc' dir='ltr'><strong><em>δρᾶν</em></strong></span> <span class='ocrx_word' id='word_1_88' title='bbox 1191 988 1355 1070; x_wconf 80' lang='grc' dir='ltr'><strong><em>ὠνόμαζον·</em></strong></span> <span class='ocrx_word' id='word_1_89' title='bbox 1385 992 1479 1074; x_wconf 78' lang='grc' dir='ltr'><strong><em>ἔδρων</em></strong></span> 
     </span>
     <span class='ocr_line' id='line_1_9' title="bbox 165 1085 1479 1170; baseline -0.001 -18"><span class='ocrx_word' id='word_1_90' title='bbox 165 1085 196 1152; x_wconf 89' lang='grc' dir='ltr'><strong><em>δ’</em></strong></span> <span class='ocrx_word' id='word_1_91' title='bbox 213 1091 246 1151; x_wconf 80' lang='grc' dir='ltr'>οἱ</span> <span class='ocrx_word' id='word_1_92' title='bbox 260 1089 398 1169; x_wconf 72' lang='grc' dir='ltr'><strong><em>Κήρυκες</em></strong></span> <span class='ocrx_word' id='word_1_93' title='bbox 421 1087 487 1170; x_wconf 75' lang='grc' dir='ltr'><strong><em>ἄχρι</em></strong></span> <span class='ocrx_word' id='word_1_94' title='bbox 509 1095 621 1152; x_wconf 76' lang='grc' dir='ltr'><strong><em>πολλοῦ</em></strong></span> <span class='ocrx_word' id='word_1_95' title='bbox 644 1091 877 1170; x_wconf 75' lang='grc' dir='ltr'><strong><em>βουθυτοῦντες,</em></strong></span> <span class='ocrx_word' id='word_1_96' title='bbox 900 1090 986 1170; x_wconf 82' lang='grc' dir='ltr'><strong><em>φησί,</em></strong></span> <span class='ocrx_word' id='word_1_97' title='bbox 1008 1087 1059 1150; x_wconf 79' lang='grc' dir='ltr'>καὶ</span> <span class='ocrx_word' id='word_1_98' title='bbox 1082 1089 1270 1164; x_wconf 78' lang='grc' dir='ltr'><strong><em>σκευάζοντες</em></strong></span> <span class='ocrx_word' id='word_1_99' title='bbox 1292 1088 1342 1150; x_wconf 84' lang='grc' dir='ltr'>καί</span> <span class='ocrx_word' id='word_1_100' title='bbox 1360 1089 1479 1169; x_wconf 84' lang='grc' dir='ltr'><strong><em>μιστύλ-</em></strong></span> 
     </span>
     <span class='ocr_line' id='line_1_10' title="bbox 164 1181 1479 1269; baseline 0 -19"><span class='ocrx_word' id='word_1_101' title='bbox 164 1193 282 1267; x_wconf 74' lang='grc' dir='ltr'><strong><em>λοντες,</em></strong></span> <span class='ocrx_word' id='word_1_102' title='bbox 305 1187 347 1250; x_wconf 74' lang='grc' dir='ltr'>ἔτι</span> <span class='ocrx_word' id='word_1_103' title='bbox 369 1181 400 1250; x_wconf 89' lang='grc' dir='ltr'><strong><em>δ’</em></strong></span> <span class='ocrx_word' id='word_1_104' title='bbox 416 1187 628 1269; x_wconf 77' lang='grc' dir='ltr'><strong><em>οἰνοχοοῦντες,</em></strong></span> <span class='ocrx_word' id='word_1_105' title='bbox 652 1192 741 1266; x_wconf 90' lang='lat' dir='ltr'>atque</span> <span class='ocrx_word' id='word_1_106' title='bbox 764 1189 852 1248; x_wconf 87' lang='lat' dir='ltr'>huius</span> <span class='ocrx_word' id='word_1_107' title='bbox 876 1189 950 1268; x_wconf 87' lang='lat' dir='ltr'>legis</span> <span class='ocrx_word' id='word_1_108' title='bbox 973 1188 1179 1249; x_wconf 85' lang='lat' dir='ltr'>testimonium</span> <span class='ocrx_word' id='word_1_109' title='bbox 1202 1208 1236 1248; x_wconf 94' lang='lat' dir='ltr'>eo</span> <span class='ocrx_word' id='word_1_110' title='bbox 1258 1189 1479 1250; x_wconf 73' lang='lat' dir='ltr'><strong>memorabilius</strong></span> 
     </span>
     <span class='ocr_line' id='line_1_11' title="bbox 165 1286 1479 1365; baseline 0.002 -17"><span class='ocrx_word' id='word_1_111' title='bbox 165 1293 222 1363; x_wconf 90' lang='lat' dir='ltr'>est,</span> <span class='ocrx_word' id='word_1_112' title='bbox 246 1288 453 1364; x_wconf 87' lang='lat' dir='ltr'>quianullum</span> <span class='ocrx_word' id='word_1_113' title='bbox 473 1291 628 1364; x_wconf 86' lang='lat' dir='ltr'>praeterea</span> <span class='ocrx_word' id='word_1_114' title='bbox 648 1286 729 1365; x_wconf 91' lang='lat' dir='ltr'>quod</span> <span class='ocrx_word' id='word_1_115' title='bbox 751 1289 844 1348; x_wconf 87' lang='lat' dir='ltr'>sciam</span> <span class='ocrx_word' id='word_1_116' title='bbox 867 1287 1033 1363; x_wconf 84' lang='lat' dir='ltr'>exemplum</span> <span class='ocrx_word' id='word_1_117' title='bbox 1058 1286 1138 1365; x_wconf 87' lang='lat' dir='ltr'>apud</span> <span class='ocrx_word' id='word_1_118' title='bbox 1162 1289 1301 1363; x_wconf 89' lang='lat' dir='ltr'>antiquos</span> <span class='ocrx_word' id='word_1_119' title='bbox 1321 1289 1479 1364; x_wconf 73' lang='lat' dir='ltr'>scriptores</span> 
     </span>
     <span class='ocr_line' id='line_1_12' title="bbox 165 1385 1479 1462; baseline 0 -16"><span class='ocrx_word' id='word_1_120' title='bbox 165 1387 310 1446; x_wconf 79' lang='lat' dir='ltr'>titisscsve</span> <span class='ocrx_word' id='word_1_121' title='bbox 333 1389 426 1462; x_wconf 82' lang='lat' dir='ltr'>extat,</span> <span class='ocrx_word' id='word_1_122' title='bbox 449 1405 516 1445; x_wconf 90' lang='lat' dir='ltr'>cum</span> <span class='ocrx_word' id='word_1_123' title='bbox 539 1406 558 1445; x_wconf 90' lang='lat' dir='ltr'>a</span> <span class='ocrx_word' id='word_1_124' title='bbox 580 1385 793 1446; x_wconf 90' lang='lat' dir='ltr'>recentioribus</span> <span class='ocrx_word' id='word_1_125' title='bbox 812 1386 896 1444; x_wconf 88' lang='lat' dir='ltr'>velut</span> <span class='ocrx_word' id='word_1_126' title='bbox 914 1385 1075 1444; x_wconf 86' lang='lat' dir='ltr'>Plutarcho</span> <span class='ocrx_word' id='word_1_127' title='bbox 1099 1385 1338 1460; x_wconf 81' lang='lat' dir='ltr'>frequentissime</span> <span class='ocrx_word' id='word_1_128' title='bbox 1356 1387 1479 1446; x_wconf 87' lang='lat' dir='ltr'>verbum</span> 
     </span>
     <span class='ocr_line' id='line_1_13' title="bbox 165 1475 1479 1564; baseline -0.002 -20"><span class='ocrx_word' id='word_1_129' title='bbox 165 1484 243 1564; x_wconf 83' lang='grc' dir='ltr'><strong><em>δρᾶν</em></strong></span> <span class='ocrx_word' id='word_1_130' title='bbox 270 1483 307 1543; x_wconf 94' lang='lat' dir='ltr'>de</span> <span class='ocrx_word' id='word_1_131' title='bbox 335 1504 368 1544; x_wconf 90' lang='lat' dir='ltr'>re</span> <span class='ocrx_word' id='word_1_132' title='bbox 396 1502 481 1544; x_wconf 87' lang='lat' dir='ltr'>sacra</span> <span class='ocrx_word' id='word_1_133' title='bbox 504 1483 645 1544; x_wconf 90' lang='lat' dir='ltr'>faciunda</span> <span class='ocrx_word' id='word_1_134' title='bbox 668 1475 884 1560; x_wconf 82' lang='lat' dir='ltr'>usurpetur.¹³)</span> <span class='ocrx_word' id='word_1_135' title='bbox 907 1515 951 1524; x_wconf 91' lang='lat'><em>-</em></span> <span class='ocrx_word' id='word_1_136' title='bbox 974 1504 1001 1542; x_wconf 81' lang='lat' dir='ltr'>v.</span> <span class='ocrx_word' id='word_1_137' title='bbox 1028 1486 1068 1544; x_wconf 87' lang='grc'>14</span> <span class='ocrx_word' id='word_1_138' title='bbox 1095 1477 1254 1563; x_wconf 73' lang='grc' dir='ltr'><strong><em>Θ[η]σει”ον</em></strong></span> <span class='ocrx_word' id='word_1_139' title='bbox 1276 1483 1351 1562; x_wconf 88' lang='lat' dir='ltr'>legit</span> <span class='ocrx_word' id='word_1_140' title='bbox 1372 1483 1420 1561; x_wconf 80' lang='lat' dir='ltr'>H,</span> <span class='ocrx_word' id='word_1_141' title='bbox 1442 1483 1479 1543; x_wconf 87' lang='lat' dir='ltr'>da</span> 
     </span>
     <span class='ocr_line' id='line_1_14' title="bbox 166 1581 1480 1660; baseline 0 -19"><span class='ocrx_word' id='word_1_142' title='bbox 166 1602 228 1659; x_wconf 90' lang='lat' dir='ltr'>qua</span> <span class='ocrx_word' id='word_1_143' title='bbox 260 1582 387 1643; x_wconf 87' lang='lat' dir='ltr'>lectione</span> <span class='ocrx_word' id='word_1_144' title='bbox 415 1581 502 1642; x_wconf 82' lang='lat' dir='ltr'>ualde</span> <span class='ocrx_word' id='word_1_145' title='bbox 535 1581 648 1642; x_wconf 90' lang='lat' dir='ltr'>dubito.</span> <span class='ocrx_word' id='word_1_146' title='bbox 698 1581 772 1642; x_wconf 89' lang='lat' dir='ltr'>lude</span> <span class='ocrx_word' id='word_1_147' title='bbox 800 1601 818 1641; x_wconf 86' lang='lat' dir='ltr'>a</span> <span class='ocrx_word' id='word_1_148' title='bbox 845 1600 873 1641; x_wconf 82' lang='lat' dir='ltr'>s.</span> <span class='ocrx_word' id='word_1_149' title='bbox 900 1583 939 1640; x_wconf 91' lang='grc'>16</span> <span class='ocrx_word' id='word_1_150' title='bbox 969 1600 1094 1642; x_wconf 85' lang='lat' dir='ltr'>conexus</span> <span class='ocrx_word' id='word_1_151' title='bbox 1122 1583 1337 1641; x_wconf 84' lang='lat' dir='ltr'>sententiarum</span> <span class='ocrx_word' id='word_1_152' title='bbox 1363 1583 1480 1660; x_wconf 87' lang='lat' dir='ltr'>integer</span> 
     </span>
     <span class='ocr_line' id='line_1_15' title="bbox 165 1675 1479 1760; baseline 0 -20"><span class='ocrx_word' id='word_1_153' title='bbox 165 1683 230 1740; x_wconf 80' lang='lat' dir='ltr'>fere</span> <span class='ocrx_word' id='word_1_154' title='bbox 253 1684 392 1757; x_wconf 84' lang='lat' dir='ltr'>apparet3</span> <span class='ocrx_word' id='word_1_155' title='bbox 415 1675 637 1760; x_wconf 87' lang='grc' dir='ltr'><strong><em>Χσυνοι[ιιίοις]</em></strong></span> <span class='ocrx_word' id='word_1_156' title='bbox 661 1682 774 1740; x_wconf 82' lang='lat' dir='ltr'>certum</span> <span class='ocrx_word' id='word_1_157' title='bbox 793 1680 925 1753; x_wconf 82' lang='lat' dir='ltr'>videtur3</span> <span class='ocrx_word' id='word_1_158' title='bbox 948 1682 1057 1739; x_wconf 89' lang='lat' dir='ltr'>iterum</span> <span class='ocrx_word' id='word_1_159' title='bbox 1076 1679 1168 1758; x_wconf 90' lang='lat' dir='ltr'>igitur</span> <span class='ocrx_word' id='word_1_160' title='bbox 1187 1679 1223 1738; x_wconf 90' lang='lat' dir='ltr'>de</span> <span class='ocrx_word' id='word_1_161' title='bbox 1241 1679 1368 1756; x_wconf 87' lang='lat' dir='ltr'>publicis</span> <span class='ocrx_word' id='word_1_162' title='bbox 1387 1680 1479 1740; x_wconf 88' lang='lat' dir='ltr'>sacris</span> 
     </span>
     <span class='ocr_line' id='line_1_16' title="bbox 164 1777 1479 1856; baseline -0.002 -16"><span class='ocrx_word' id='word_1_163' title='bbox 164 1799 185 1840; x_wconf 85' lang='lat' dir='ltr'>a</span> <span class='ocrx_word' id='word_1_164' title='bbox 208 1797 288 1856; x_wconf 87' lang='lat' dir='ltr'>pago</span> <span class='ocrx_word' id='word_1_165' title='bbox 311 1778 550 1839; x_wconf 87' lang='lat' dir='ltr'>concelebrendis</span> <span class='ocrx_word' id='word_1_166' title='bbox 578 1779 688 1856; x_wconf 85' lang='lat' dir='ltr'>agitur,</span> <span class='ocrx_word' id='word_1_167' title='bbox 716 1779 753 1838; x_wconf 81' lang='lat' dir='ltr'>cf.</span> <span class='ocrx_word' id='word_1_168' title='bbox 776 1779 803 1836; x_wconf 86' lang='lat' dir='ltr'>A</span> <span class='ocrx_word' id='word_1_169' title='bbox 826 1797 853 1838; x_wconf 82' lang='grc' dir='ltr'><strong><em>τ.</em></strong></span> <span class='ocrx_word' id='word_1_170' title='bbox 880 1778 1023 1852; x_wconf 86' lang='grc'>18-19;</span> <span class='ocrx_word' id='word_1_171' title='bbox 1055 1777 1102 1838; x_wconf 90' lang='lat' dir='ltr'>bis</span> <span class='ocrx_word' id='word_1_172' title='bbox 1126 1781 1226 1837; x_wconf 88' lang='lat' dir='ltr'>autem</span> <span class='ocrx_word' id='word_1_173' title='bbox 1250 1777 1333 1838; x_wconf 83' lang='lat' dir='ltr'>feriis</span> <span class='ocrx_word' id='word_1_174' title='bbox 1356 1780 1389 1837; x_wconf 92' lang='lat' dir='ltr'>in</span> <span class='ocrx_word' id='word_1_175' title='bbox 1412 1797 1479 1838; x_wconf 85' lang='lat' dir='ltr'>arce</span> 
     </span>
     <span class='ocr_line' id='line_1_17' title="bbox 164 1867 1478 1957; baseline -0.002 -19"><span class='ocrx_word' id='word_1_176' title='bbox 164 1876 368 1938; x_wconf 83' lang='lat' dir='ltr'>sacrificatum</span> <span class='ocrx_word' id='word_1_177' title='bbox 397 1895 460 1938; x_wconf 89' lang='lat' dir='ltr'>esse</span> <span class='ocrx_word' id='word_1_178' title='bbox 492 1879 526 1935; x_wconf 90' lang='lat' dir='ltr'>ut</span> <span class='ocrx_word' id='word_1_179' title='bbox 557 1895 611 1954; x_wconf 88' lang='lat' dir='ltr'>per</span> <span class='ocrx_word' id='word_1_180' title='bbox 637 1894 668 1936; x_wconf 88' lang='lat' dir='ltr'>se</span> <span class='ocrx_word' id='word_1_181' title='bbox 697 1877 760 1936; x_wconf 88' lang='lat' dir='ltr'>vari</span> <span class='ocrx_word' id='word_1_182' title='bbox 788 1867 931 1957; x_wconf 81' lang='lat' dir='ltr'>simile¹⁴)</span> <span class='ocrx_word' id='word_1_183' title='bbox 964 1877 1008 1935; x_wconf 87' lang='lat' dir='ltr'>ita</span> <span class='ocrx_word' id='word_1_184' title='bbox 1039 1875 1096 1935; x_wconf 90' lang='lat' dir='ltr'>hoc</span> <span class='ocrx_word' id='word_1_185' title='bbox 1127 1876 1217 1936; x_wconf 91' lang='lat' dir='ltr'>titulo</span> <span class='ocrx_word' id='word_1_186' title='bbox 1244 1876 1478 1952; x_wconf 70' lang='lat' dir='ltr'>demonstratur,</span> 
     </span>
     <span class='ocr_line' id='line_1_18' title="bbox 166 1966 1479 2052; baseline 0 -18"><span class='ocrx_word' id='word_1_187' title='bbox 166 1995 198 2034; x_wconf 84' lang='grc' dir='ltr'><strong><em>τ.</em></strong></span> <span class='ocrx_word' id='word_1_188' title='bbox 225 1977 315 2052; x_wconf 84' lang='lat' dir='ltr'>19sq.</span> <span class='ocrx_word' id='word_1_189' title='bbox 345 1966 483 2046; x_wconf 77' lang='grc' dir='ltr'><strong><em>Ἐπιζε..</em></strong></span> <span class='ocrx_word' id='word_1_190' title='bbox 504 2022 509 2033; x_wconf 94' lang='grc'>.</span> <span class='ocrx_word' id='word_1_191' title='bbox 531 1992 580 2035; x_wconf 87' lang='grc' dir='ltr'><strong><em>.σι</em></strong></span> <span class='ocrx_word' id='word_1_192' title='bbox 609 1975 741 2034; x_wconf 90' lang='lat' dir='ltr'>nondum</span> <span class='ocrx_word' id='word_1_193' title='bbox 773 1973 942 2050; x_wconf 86' lang='lat' dir='ltr'>expeditum</span> <span class='ocrx_word' id='word_1_194' title='bbox 974 1977 1033 2050; x_wconf 78' lang='lat' dir='ltr'>est3</span> <span class='ocrx_word' id='word_1_195' title='bbox 1064 1973 1214 2051; x_wconf 77' lang='lat' dir='ltr'>Apollinis</span> <span class='ocrx_word' id='word_1_196' title='bbox 1245 1974 1355 2034; x_wconf 85' lang='lat' dir='ltr'>festum</span> <span class='ocrx_word' id='word_1_197' title='bbox 1385 1974 1479 2034; x_wconf 86' lang='lat' dir='ltr'>latere</span> 
     </span>
     <span class='ocr_line' id='line_1_19' title="bbox 166 2071 1475 2152; baseline -0.002 -18"><span class='ocrx_word' id='word_1_198' title='bbox 166 2077 293 2152; x_wconf 88' lang='lat' dir='ltr'>propter</span> <span class='ocrx_word' id='word_1_199' title='bbox 316 2073 420 2150; x_wconf 83' lang='lat' dir='ltr'>Pythii</span> <span class='ocrx_word' id='word_1_200' title='bbox 442 2075 624 2134; x_wconf 85' lang='lat' dir='ltr'>mentionem</span> <span class='ocrx_word' id='word_1_201' title='bbox 651 2071 847 2148; x_wconf 73' lang='lat' dir='ltr'>probabiliter</span> <span class='ocrx_word' id='word_1_202' title='bbox 873 2074 1000 2132; x_wconf 85' lang='lat' dir='ltr'>coniecit</span> <span class='ocrx_word' id='word_1_203' title='bbox 1022 2071 1236 2150; x_wconf 83' lang='lat' dir='ltr'>Wilamowita;</span> <span class='ocrx_word' id='word_1_204' title='bbox 1267 2075 1398 2132; x_wconf 88' lang='lat' dir='ltr'>ceterum</span> <span class='ocrx_word' id='word_1_205' title='bbox 1425 2093 1475 2132; x_wconf 93' lang='lat' dir='ltr'>no·</span> 
     </span>
     <span class='ocr_line' id='line_1_20' title="bbox 165 2170 1479 2232; baseline -0.002 0"><span class='ocrx_word' id='word_1_206' title='bbox 165 2172 294 2232; x_wconf 85' lang='lat' dir='ltr'>tandum</span> <span class='ocrx_word' id='word_1_207' title='bbox 314 2173 414 2232; x_wconf 90' lang='lat' dir='ltr'>estin</span> <span class='ocrx_word' id='word_1_208' title='bbox 437 2171 589 2232; x_wconf 84' lang='lat' dir='ltr'>sacrificiis</span> <span class='ocrx_word' id='word_1_209' title='bbox 611 2171 668 2230; x_wconf 94' lang='lat' dir='ltr'>hoc</span> <span class='ocrx_word' id='word_1_210' title='bbox 696 2170 762 2230; x_wconf 91' lang='lat' dir='ltr'>loco</span> <span class='ocrx_word' id='word_1_211' title='bbox 786 2171 1024 2230; x_wconf 90' lang='lat' dir='ltr'>commemoratis</span> <span class='ocrx_word' id='word_1_212' title='bbox 1047 2188 1149 2230; x_wconf 76' lang='lat' dir='ltr'>carnes</span> <span class='ocrx_word' id='word_1_213' title='bbox 1172 2189 1231 2230; x_wconf 89' lang='lat' dir='ltr'>non</span> <span class='ocrx_word' id='word_1_214' title='bbox 1254 2189 1316 2230; x_wconf 92' lang='lat' dir='ltr'>esse</span> <span class='ocrx_word' id='word_1_215' title='bbox 1340 2170 1479 2232; x_wconf 77' lang='lat' dir='ltr'>distribu-</span> 
     </span>
     <span class='ocr_line' id='line_1_21' title="bbox 165 2263 1544 2346; baseline -0.004 -14"><span class='ocrx_word' id='word_1_216' title='bbox 165 2274 226 2346; x_wconf 77' lang='lat' dir='ltr'>cas,</span> <span class='ocrx_word' id='word_1_217' title='bbox 250 2271 301 2330; x_wconf 90' lang='lat' dir='ltr'>sed</span> <span class='ocrx_word' id='word_1_218' title='bbox 323 2270 461 2346; x_wconf 80' lang='lat' dir='ltr'>veniisse,</span> <span class='ocrx_word' id='word_1_219' title='bbox 484 2271 568 2330; x_wconf 88' lang='lat' dir='ltr'>cuius</span> <span class='ocrx_word' id='word_1_220' title='bbox 590 2270 683 2328; x_wconf 89' lang='lat' dir='ltr'>moris</span> <span class='ocrx_word' id='word_1_221' title='bbox 705 2269 833 2330; x_wconf 84' lang='lat' dir='ltr'>alterum</span> <span class='ocrx_word' id='word_1_222' title='bbox 856 2287 915 2328; x_wconf 93' lang='lat' dir='ltr'>non</span> <span class='ocrx_word' id='word_1_223' title='bbox 938 2268 1007 2328; x_wconf 84' lang='lat' dir='ltr'>novi</span> <span class='ocrx_word' id='word_1_224' title='bbox 1032 2269 1206 2344; x_wconf 83' lang='lat' dir='ltr'>exemplum.</span> <span class='ocrx_word' id='word_1_225' title='bbox 1541 2263 1544 2270; x_wconf 80' lang='lat'>&#39;</span> 
     </span>
     <span class='ocr_line' id='line_1_22' title="bbox 257 2366 1477 2444; baseline -0.002 -15"><span class='ocrx_word' id='word_1_226' title='bbox 257 2369 362 2429; x_wconf 83' lang='lat' dir='ltr'>Restat</span> <span class='ocrx_word' id='word_1_227' title='bbox 393 2373 428 2426; x_wconf 87' lang='lat' dir='ltr'>ut</span> <span class='ocrx_word' id='word_1_228' title='bbox 460 2368 496 2427; x_wconf 92' lang='lat' dir='ltr'>de</span> <span class='ocrx_word' id='word_1_229' title='bbox 527 2370 643 2428; x_wconf 74' lang='lat' dir='ltr'>mticue</span> <span class='ocrx_word' id='word_1_230' title='bbox 675 2366 769 2428; x_wconf 90' lang='lat' dir='ltr'>totius</span> <span class='ocrx_word' id='word_1_231' title='bbox 804 2366 888 2426; x_wconf 88' lang='lat' dir='ltr'>tituli</span> <span class='ocrx_word' id='word_1_232' title='bbox 926 2384 1111 2444; x_wconf 88' lang='lat' dir='ltr'>quaeramus.</span> <span class='ocrx_word' id='word_1_233' title='bbox 1164 2366 1307 2426; x_wconf 82' lang='lat' dir='ltr'>Videmus</span> <span class='ocrx_word' id='word_1_234' title='bbox 1338 2369 1418 2426; x_wconf 90' lang='lat' dir='ltr'>enim</span> <span class='ocrx_word' id='word_1_235' title='bbox 1444 2369 1477 2426; x_wconf 93' lang='lat' dir='ltr'>in</span> 
     </span>
     <span class='ocr_line' id='line_1_23' title="bbox 163 2464 1479 2544; baseline -0.002 -17"><span class='ocrx_word' id='word_1_236' title='bbox 163 2466 312 2527; x_wconf 87' lang='lat' dir='ltr'>lateribus</span> <span class='ocrx_word' id='word_1_237' title='bbox 330 2465 358 2524; x_wconf 78' lang='lat' dir='ltr'>A</span> <span class='ocrx_word' id='word_1_238' title='bbox 382 2468 413 2526; x_wconf 88' lang='lat' dir='ltr'>st</span> <span class='ocrx_word' id='word_1_239' title='bbox 432 2466 453 2525; x_wconf 82' lang='lat' dir='ltr'>(l</span> <span class='ocrx_word' id='word_1_240' title='bbox 473 2466 509 2526; x_wconf 91' lang='lat' dir='ltr'>de</span> <span class='ocrx_word' id='word_1_241' title='bbox 532 2466 620 2526; x_wconf 88' lang='lat' dir='ltr'>rebus</span> <span class='ocrx_word' id='word_1_242' title='bbox 639 2467 739 2539; x_wconf 87' lang='lat' dir='ltr'>sacris,</span> <span class='ocrx_word' id='word_1_243' title='bbox 762 2466 793 2524; x_wconf 90' lang='lat' dir='ltr'>in</span> <span class='ocrx_word' id='word_1_244' title='bbox 816 2465 910 2524; x_wconf 90' lang='lat' dir='ltr'>latere</span> <span class='ocrx_word' id='word_1_245' title='bbox 927 2464 954 2523; x_wconf 91' lang='lat' dir='ltr'><strong>B</strong></span> <span class='ocrx_word' id='word_1_246' title='bbox 974 2465 1010 2524; x_wconf 92' lang='lat' dir='ltr'>de</span> <span class='ocrx_word' id='word_1_247' title='bbox 1031 2465 1167 2542; x_wconf 91' lang='lat' dir='ltr'>pecuniis</span> <span class='ocrx_word' id='word_1_248' title='bbox 1190 2466 1262 2542; x_wconf 83' lang='lat' dir='ltr'>pegi</span> <span class='ocrx_word' id='word_1_249' title='bbox 1284 2482 1302 2523; x_wconf 87' lang='lat' dir='ltr'>a</span> <span class='ocrx_word' id='word_1_250' title='bbox 1322 2465 1479 2544; x_wconf 84' lang='lat' dir='ltr'>magistra-</span> 
     </span>
     <span class='ocr_line' id='line_1_24' title="bbox 164 2562 1479 2642; baseline 0 -18"><span class='ocrx_word' id='word_1_251' title='bbox 164 2565 249 2624; x_wconf 88' lang='lat' dir='ltr'>tibus</span> <span class='ocrx_word' id='word_1_252' title='bbox 273 2563 448 2641; x_wconf 89' lang='lat' dir='ltr'>quibusdam</span> <span class='ocrx_word' id='word_1_253' title='bbox 474 2563 717 2624; x_wconf 88' lang='lat' dir='ltr'>administrandis</span> <span class='ocrx_word' id='word_1_254' title='bbox 744 2562 886 2640; x_wconf 73' lang='lat' dir='ltr'>praecipi.</span> <span class='ocrx_word' id='word_1_255' title='bbox 930 2562 994 2622; x_wconf 82' lang='lat' dir='ltr'>Aut</span> <span class='ocrx_word' id='word_1_256' title='bbox 1021 2563 1116 2642; x_wconf 91' lang='lat' dir='ltr'>igitur</span> <span class='ocrx_word' id='word_1_257' title='bbox 1138 2562 1313 2638; x_wconf 86' lang='lat' dir='ltr'>ampliorem</span> <span class='ocrx_word' id='word_1_258' title='bbox 1337 2562 1479 2624; x_wconf 89' lang='lat' dir='ltr'>habemus</span> 
     </span>
     <span class='ocr_line' id='line_1_25' title="bbox 163 2659 1479 2742; baseline -0.001 -20"><span class='ocrx_word' id='word_1_259' title='bbox 163 2663 272 2742; x_wconf 85' lang='lat' dir='ltr'>legem,</span> <span class='ocrx_word' id='word_1_260' title='bbox 295 2663 328 2722; x_wconf 90' lang='lat' dir='ltr'>in</span> <span class='ocrx_word' id='word_1_261' title='bbox 351 2681 413 2740; x_wconf 89' lang='lat' dir='ltr'>qua</span> <span class='ocrx_word' id='word_1_262' title='bbox 436 2666 466 2722; x_wconf 87' lang='lat' dir='ltr'>et</span> <span class='ocrx_word' id='word_1_263' title='bbox 489 2663 524 2723; x_wconf 93' lang='lat' dir='ltr'>de</span> <span class='ocrx_word' id='word_1_264' title='bbox 552 2664 687 2740; x_wconf 89' lang='lat' dir='ltr'>pecuniis</span> <span class='ocrx_word' id='word_1_265' title='bbox 710 2665 741 2721; x_wconf 90' lang='lat' dir='ltr'>et</span> <span class='ocrx_word' id='word_1_266' title='bbox 767 2660 804 2721; x_wconf 89' lang='lat' dir='ltr'>de</span> <span class='ocrx_word' id='word_1_267' title='bbox 831 2662 923 2722; x_wconf 84' lang='lat' dir='ltr'>sacris</span> <span class='ocrx_word' id='word_1_268' title='bbox 946 2663 1018 2740; x_wconf 83' lang='lat' dir='ltr'>pegi</span> <span class='ocrx_word' id='word_1_269' title='bbox 1040 2659 1191 2721; x_wconf 77' lang='lat' dir='ltr'>demotum</span> <span class='ocrx_word' id='word_1_270' title='bbox 1219 2664 1265 2720; x_wconf 88' lang='lat' dir='ltr'>est</span> <span class='ocrx_word' id='word_1_271' title='bbox 1287 2693 1331 2702; x_wconf 91' lang='lat'><strong>—</strong></span> <span class='ocrx_word' id='word_1_272' title='bbox 1354 2664 1385 2722; x_wconf 89' lang='lat' dir='ltr'>et</span> <span class='ocrx_word' id='word_1_273' title='bbox 1412 2681 1479 2721; x_wconf 95' lang='lat' dir='ltr'>con-</span> 
     </span>
     <span class='ocr_line' id='line_1_26' title="bbox 162 2758 1480 2837; baseline -0.002 -17"><span class='ocrx_word' id='word_1_274' title='bbox 162 2763 240 2820; x_wconf 81' lang='lat' dir='ltr'>ferri</span> <span class='ocrx_word' id='word_1_275' title='bbox 271 2765 370 2836; x_wconf 84' lang='lat' dir='ltr'>potest</span> <span class='ocrx_word' id='word_1_276' title='bbox 402 2761 553 2821; x_wconf 86' lang='lat' dir='ltr'>decretum</span> <span class='ocrx_word' id='word_1_277' title='bbox 580 2761 849 2837; x_wconf 84' lang='lat' dir='ltr'>Myrrhinnsiornm</span> <span class='ocrx_word' id='word_1_278' title='bbox 876 2759 930 2820; x_wconf 78' lang='lat' dir='ltr'>Ic</span> <span class='ocrx_word' id='word_1_279' title='bbox 957 2759 989 2818; x_wconf 92' lang='grc' dir='ltr'>Π</span> <span class='ocrx_word' id='word_1_280' title='bbox 1013 2760 1077 2818; x_wconf 83' lang='grc'>578</span> <span class='ocrx_word' id='word_1_281' title='bbox 1106 2791 1151 2801; x_wconf 94' lang='lat'>-</span> <span class='ocrx_word' id='word_1_282' title='bbox 1181 2763 1233 2818; x_wconf 89' lang='lat' dir='ltr'>eut</span> <span class='ocrx_word' id='word_1_283' title='bbox 1260 2789 1297 2800; x_wconf 96' lang='lat'>—</span> <span class='ocrx_word' id='word_1_284' title='bbox 1336 2758 1368 2818; x_wconf 93' lang='lat' dir='ltr'>id</span> <span class='ocrx_word' id='word_1_285' title='bbox 1400 2761 1480 2836; x_wconf 92' lang='lat' dir='ltr'>quod</span> 
     </span>
     <span class='ocr_line' id='line_1_27' title="bbox 162 2858 1479 2937; baseline -0.003 -17"><span class='ocrx_word' id='word_1_286' title='bbox 162 2860 263 2920; x_wconf 84' lang='lat' dir='ltr'>multo</span> <span class='ocrx_word' id='word_1_287' title='bbox 285 2858 349 2919; x_wconf 84' lang='lat' dir='ltr'>veri</span> <span class='ocrx_word' id='word_1_288' title='bbox 372 2859 500 2920; x_wconf 90' lang='lat' dir='ltr'>similius</span> <span class='ocrx_word' id='word_1_289' title='bbox 523 2859 599 2919; x_wconf 91' lang='lat' dir='ltr'>duco</span> <span class='ocrx_word' id='word_1_290' title='bbox 624 2891 664 2900; x_wconf 94' lang='lat'><strong>—</strong></span> <span class='ocrx_word' id='word_1_291' title='bbox 689 2858 762 2918; x_wconf 89' lang='lat' dir='ltr'>haec</span> <span class='ocrx_word' id='word_1_292' title='bbox 784 2860 886 2918; x_wconf 87' lang='lat' dir='ltr'>omnia</span> <span class='ocrx_word' id='word_1_293' title='bbox 908 2860 952 2917; x_wconf 86' lang='lat' dir='ltr'>ita</span> <span class='ocrx_word' id='word_1_294' title='bbox 975 2858 1054 2916; x_wconf 88' lang='lat' dir='ltr'>inter</span> <span class='ocrx_word' id='word_1_295' title='bbox 1077 2875 1108 2917; x_wconf 92' lang='lat' dir='ltr'>se</span> <span class='ocrx_word' id='word_1_296' title='bbox 1131 2858 1304 2932; x_wconf 84' lang='lat' dir='ltr'>cohaerent,</span> <span class='ocrx_word' id='word_1_297' title='bbox 1327 2860 1362 2916; x_wconf 90' lang='lat' dir='ltr'>ut</span> <span class='ocrx_word' id='word_1_298' title='bbox 1384 2859 1479 2937; x_wconf 88' lang='lat' dir='ltr'>magi·</span> 
     </span>
     <span class='ocr_line' id='line_1_28' title="bbox 164 2955 1480 3035; baseline -0.002 -17"><span class='ocrx_word' id='word_1_299' title='bbox 164 2960 279 3018; x_wconf 85' lang='lat' dir='ltr'>stratus</span> <span class='ocrx_word' id='word_1_300' title='bbox 301 2957 406 3017; x_wconf 90' lang='lat' dir='ltr'>lateris</span> <span class='ocrx_word' id='word_1_301' title='bbox 424 2957 450 3016; x_wconf 93' lang='lat' dir='ltr'><strong>B</strong></span> <span class='ocrx_word' id='word_1_302' title='bbox 469 2959 528 3035; x_wconf 91' lang='lat' dir='ltr'>ipsi</span> <span class='ocrx_word' id='word_1_303' title='bbox 552 2957 611 3016; x_wconf 89' lang='lat' dir='ltr'>illis</span> <span class='ocrx_word' id='word_1_304' title='bbox 636 2958 728 3016; x_wconf 89' lang='lat' dir='ltr'>sacris</span> <span class='ocrx_word' id='word_1_305' title='bbox 750 2957 878 3016; x_wconf 88' lang='lat' dir='ltr'>laterum</span> <span class='ocrx_word' id='word_1_306' title='bbox 897 2956 926 3015; x_wconf 82' lang='lat' dir='ltr'>A</span> <span class='ocrx_word' id='word_1_307' title='bbox 949 2955 1020 3016; x_wconf 79' lang='lat' dir='ltr'>eto</span> <span class='ocrx_word' id='word_1_308' title='bbox 1043 2957 1237 3032; x_wconf 76' lang='lat' dir='ltr'>praefuerint.</span> <span class='ocrx_word' id='word_1_309' title='bbox 1275 2955 1335 3015; x_wconf 82' lang='lat' dir='ltr'>Sed</span> <span class='ocrx_word' id='word_1_310' title='bbox 1357 2957 1480 3032; x_wconf 84' lang='lat' dir='ltr'>quinem</span> 
     </span>
     <span class='ocr_line' id='line_1_29' title="bbox 162 3053 1479 3134; baseline -0.002 -17"><span class='ocrx_word' id='word_1_311' title='bbox 162 3057 199 3117; x_wconf 90' lang='lat' dir='ltr'>hi</span> <span class='ocrx_word' id='word_1_312' title='bbox 222 3057 417 3134; x_wconf 77' lang='lat' dir='ltr'>magistratus</span> <span class='ocrx_word' id='word_1_313' title='bbox 439 3056 571 3130; x_wconf 82' lang='lat' dir='ltr'>fucnmt,</span> <span class='ocrx_word' id='word_1_314' title='bbox 594 3057 646 3132; x_wconf 89' lang='lat' dir='ltr'>qui</span> <span class='ocrx_word' id='word_1_315' title='bbox 669 3058 700 3115; x_wconf 90' lang='lat' dir='ltr'>et</span> <span class='ocrx_word' id='word_1_316' title='bbox 721 3055 856 3131; x_wconf 90' lang='lat' dir='ltr'>pecuniis</span> <span class='ocrx_word' id='word_1_317' title='bbox 878 3056 950 3133; x_wconf 89' lang='lat' dir='ltr'>pegi</span> <span class='ocrx_word' id='word_1_318' title='bbox 973 3057 1005 3113; x_wconf 87' lang='lat' dir='ltr'>et</span> <span class='ocrx_word' id='word_1_319' title='bbox 1027 3056 1119 3114; x_wconf 87' lang='lat' dir='ltr'>sacris</span> <span class='ocrx_word' id='word_1_320' title='bbox 1143 3055 1214 3132; x_wconf 85' lang='lat' dir='ltr'>pagi</span> <span class='ocrx_word' id='word_1_321' title='bbox 1234 3053 1479 3114; x_wconf 82' lang='lat' dir='ltr'>administrandis</span> 
     </span>
     <span class='ocr_line' id='line_1_30' title="bbox 162 3151 1480 3234; baseline -0.003 -20"><span class='ocrx_word' id='word_1_322' title='bbox 162 3151 382 3234; x_wconf 79' lang='lat' dir='ltr'>fungerentur?</span> <span class='ocrx_word' id='word_1_323' title='bbox 427 3153 619 3232; x_wconf 90' lang='lat' dir='ltr'>Hieropoeos,</span> <span class='ocrx_word' id='word_1_324' title='bbox 642 3172 716 3231; x_wconf 92' lang='lat' dir='ltr'>qnos</span> <span class='ocrx_word' id='word_1_325' title='bbox 739 3153 858 3213; x_wconf 77' lang='lat' dir='ltr'>Boeclsh</span> <span class='ocrx_word' id='word_1_326' title='bbox 885 3156 916 3212; x_wconf 85' lang='lat' dir='ltr'>et</span> <span class='ocrx_word' id='word_1_327' title='bbox 939 3151 1096 3213; x_wconf 86' lang='lat' dir='ltr'>Kirchhoff</span> <span class='ocrx_word' id='word_1_328' title='bbox 1116 3153 1340 3228; x_wconf 83' lang='lat' dir='ltr'>intellexerunt,</span> <span class='ocrx_word' id='word_1_329' title='bbox 1367 3151 1480 3229; x_wconf 89' lang='lat' dir='ltr'>publici</span> 
     </span>
     <span class='ocr_line' id='line_1_31' title="bbox 163 3249 1480 3327; baseline -0.002 -14"><span class='ocrx_word' id='word_1_330' title='bbox 163 3251 276 3313; x_wconf 87' lang='lat' dir='ltr'>aerarii</span> <span class='ocrx_word' id='word_1_331' title='bbox 298 3270 400 3312; x_wconf 89' lang='lat' dir='ltr'>curam</span> <span class='ocrx_word' id='word_1_332' title='bbox 428 3251 603 3312; x_wconf 88' lang='lat' dir='ltr'>sustinuisse</span> <span class='ocrx_word' id='word_1_333' title='bbox 628 3252 690 3311; x_wconf 81' lang='lat' dir='ltr'>ueri</span> <span class='ocrx_word' id='word_1_334' title='bbox 714 3251 858 3312; x_wconf 86' lang='lat' dir='ltr'>dissimile</span> <span class='ocrx_word' id='word_1_335' title='bbox 885 3253 945 3324; x_wconf 90' lang='lat' dir='ltr'>est,</span> <span class='ocrx_word' id='word_1_336' title='bbox 973 3253 1004 3310; x_wconf 89' lang='lat' dir='ltr'>et</span> <span class='ocrx_word' id='word_1_337' title='bbox 1030 3252 1086 3310; x_wconf 87' lang='lat' dir='ltr'>beo</span> <span class='ocrx_word' id='word_1_338' title='bbox 1109 3270 1143 3311; x_wconf 86' lang='lat' dir='ltr'>ex</span> <span class='ocrx_word' id='word_1_339' title='bbox 1167 3253 1252 3327; x_wconf 85' lang='lat' dir='ltr'>parte</span> <span class='ocrx_word' id='word_1_340' title='bbox 1281 3249 1390 3311; x_wconf 87' lang='lat' dir='ltr'>rectius</span> <span class='ocrx_word' id='word_1_341' title='bbox 1413 3270 1480 3310; x_wconf 91' lang='lat' dir='ltr'>cum</span> 
     </span>
     <span class='ocr_line' id='line_1_32' title="bbox 163 3339 1480 3432; baseline -0.002 -22"><span class='ocrx_word' id='word_1_342' title='bbox 163 3351 290 3410; x_wconf 82' lang='lat' dir='ltr'>Hiclssio</span> <span class='ocrx_word' id='word_1_343' title='bbox 314 3353 484 3427; x_wconf 86' lang='lat' dir='ltr'>quaestores</span> <span class='ocrx_word' id='word_1_344' title='bbox 511 3350 708 3426; x_wconf 67' lang='lat' dir='ltr'>intellexeris,</span> <span class='ocrx_word' id='word_1_345' title='bbox 736 3351 768 3408; x_wconf 90' lang='lat' dir='ltr'>in</span> <span class='ocrx_word' id='word_1_346' title='bbox 791 3349 997 3409; x_wconf 88' lang='lat' dir='ltr'>Plothensium</span> <span class='ocrx_word' id='word_1_347' title='bbox 1020 3348 1141 3426; x_wconf 89' lang='lat' dir='ltr'>quidem</span> <span class='ocrx_word' id='word_1_348' title='bbox 1168 3339 1381 3432; x_wconf 76' lang='lat' dir='ltr'>rationibus²⁶)</span> <span class='ocrx_word' id='word_1_349' title='bbox 1406 3349 1480 3428; x_wconf 90' lang='lat' dir='ltr'>legi·</span> 
     </span>
     <span class='ocr_line' id='line_1_33' title="bbox 166 3437 1479 3529; baseline -0.002 -19"><span class='ocrx_word' id='word_1_350' title='bbox 166 3453 222 3510; x_wconf 79' lang='lat' dir='ltr'>tur</span> <span class='ocrx_word' id='word_1_351' title='bbox 248 3443 382 3527; x_wconf 87' lang='grc' dir='ltr'><strong><em>τα]μίαιν</em></strong></span> <span class='ocrx_word' id='word_1_352' title='bbox 404 3445 434 3520; x_wconf 81' lang='grc' dir='ltr'>ἐς</span> <span class='ocrx_word' id='word_1_353' title='bbox 461 3445 496 3508; x_wconf 81' lang='grc' dir='ltr'><strong><em>τὰ</em></strong></span> <span class='ocrx_word' id='word_1_354' title='bbox 520 3440 560 3508; x_wconf 82' lang='grc' dir='ltr'>δι’</span> <span class='ocrx_word' id='word_1_355' title='bbox 585 3446 669 3520; x_wconf 76' lang='grc' dir='ltr'><strong><em>ἔτους</em></strong></span> <span class='ocrx_word' id='word_1_356' title='bbox 696 3445 759 3529; x_wconf 82' lang='grc' dir='ltr'><strong><em>ίερδι</em></strong></span> <span class='ocrx_word' id='word_1_357' title='bbox 784 3437 826 3508; x_wconf 59' lang='lat' dir='ltr'>W.</span> <span class='ocrx_word' id='word_1_358' title='bbox 873 3446 931 3506; x_wconf 85' lang='lat' dir='ltr'>Sed</span> <span class='ocrx_word' id='word_1_359' title='bbox 958 3449 1075 3508; x_wconf 90' lang='lat' dir='ltr'>nullum</span> <span class='ocrx_word' id='word_1_360' title='bbox 1102 3448 1222 3507; x_wconf 87' lang='lat' dir='ltr'>omuino</span> <span class='ocrx_word' id='word_1_361' title='bbox 1251 3451 1364 3507; x_wconf 81' lang='lat' dir='ltr'>certum</span> <span class='ocrx_word' id='word_1_362' title='bbox 1386 3447 1479 3526; x_wconf 88' lang='lat' dir='ltr'>magi·</span> 
     </span>
     <span class='ocr_line' id='line_1_34' title="bbox 169 3546 1481 3625; baseline -0.003 -17"><span class='ocrx_word' id='word_1_363' title='bbox 169 3550 309 3622; x_wconf 86' lang='lat' dir='ltr'>stratum,</span> <span class='ocrx_word' id='word_1_364' title='bbox 332 3546 384 3606; x_wconf 87' lang='lat' dir='ltr'>sed</span> <span class='ocrx_word' id='word_1_365' title='bbox 406 3547 632 3606; x_wconf 85' lang='lat' dir='ltr'>universitatem</span> <span class='ocrx_word' id='word_1_366' title='bbox 654 3547 754 3623; x_wconf 89' lang='lat' dir='ltr'>potius</span> <span class='ocrx_word' id='word_1_367' title='bbox 782 3565 885 3606; x_wconf 91' lang='lat' dir='ltr'>eorum</span> <span class='ocrx_word' id='word_1_368' title='bbox 907 3547 1148 3625; x_wconf 88' lang='lat' dir='ltr'>magistratuum,</span> <span class='ocrx_word' id='word_1_369' title='bbox 1171 3547 1223 3622; x_wconf 94' lang='lat' dir='ltr'>qui</span> <span class='ocrx_word' id='word_1_370' title='bbox 1245 3547 1386 3621; x_wconf 87' lang='lat' dir='ltr'>pecunias</span> <span class='ocrx_word' id='word_1_371' title='bbox 1408 3548 1481 3624; x_wconf 87' lang='lat' dir='ltr'>pagi</span> 
     </span>
     <span class='ocr_line' id='line_1_35' title="bbox 167 3639 1480 3724; baseline -0.001 -19"><span class='ocrx_word' id='word_1_372' title='bbox 167 3644 350 3719; x_wconf 68' lang='lat' dir='ltr'>mactabant,</span> <span class='ocrx_word' id='word_1_373' title='bbox 372 3645 405 3702; x_wconf 91' lang='lat' dir='ltr'>in</span> <span class='ocrx_word' id='word_1_374' title='bbox 426 3644 520 3704; x_wconf 88' lang='lat' dir='ltr'>latere</span> <span class='ocrx_word' id='word_1_375' title='bbox 539 3644 564 3702; x_wconf 93' lang='lat' dir='ltr'>B</span> <span class='ocrx_word' id='word_1_376' title='bbox 586 3644 645 3704; x_wconf 90' lang='lat' dir='ltr'>dici</span> <span class='ocrx_word' id='word_1_377' title='bbox 663 3644 832 3721; x_wconf 87' lang='lat' dir='ltr'>putaverim</span> <span class='ocrx_word' id='word_1_378' title='bbox 851 3663 1048 3721; x_wconf 90' lang='lat' dir='ltr'>comparoque</span> <span class='ocrx_word' id='word_1_379' title='bbox 1069 3641 1139 3715; x_wconf 80' lang='grc' dir='ltr'><strong><em>τοὺς</em></strong></span> <span class='ocrx_word' id='word_1_380' title='bbox 1157 3639 1299 3723; x_wconf 78' lang='grc' dir='ltr'><strong><em>ι’ίρχοντας</em></strong></span> <span class='ocrx_word' id='word_1_381' title='bbox 1317 3650 1371 3704; x_wconf 85' lang='grc' dir='ltr'><strong><em>τοῦ</em></strong></span> <span class='ocrx_word' id='word_1_382' title='bbox 1389 3641 1480 3724; x_wconf 81' lang='grc' dir='ltr'><strong><em>ἀργυ-</em></strong></span> 
     </span>
     <span class='ocr_line' id='line_1_36' title="bbox 166 3734 1479 3824; baseline -0.002 -21"><span class='ocrx_word' id='word_1_383' title='bbox 166 3743 246 3824; x_wconf 88' lang='grc' dir='ltr'><strong><em>ρίου,</em></strong></span> <span class='ocrx_word' id='word_1_384' title='bbox 271 3745 323 3820; x_wconf 88' lang='lat' dir='ltr'>qui</span> <span class='ocrx_word' id='word_1_385' title='bbox 346 3742 379 3802; x_wconf 93' lang='lat' dir='ltr'>in</span> <span class='ocrx_word' id='word_1_386' title='bbox 396 3741 514 3802; x_wconf 88' lang='lat' dir='ltr'>decreto</span> <span class='ocrx_word' id='word_1_387' title='bbox 533 3734 787 3824; x_wconf 81' lang='lat' dir='ltr'>Plothensium²⁴)</span> <span class='ocrx_word' id='word_1_388' title='bbox 806 3742 973 3803; x_wconf 87' lang='lat' dir='ltr'>rationibus</span> <span class='ocrx_word' id='word_1_389' title='bbox 992 3740 1053 3809; x_wconf 86' lang='lat' dir='ltr'>illis</span> <span class='ocrx_word' id='word_1_390' title='bbox 1072 3740 1231 3802; x_wconf 86' lang='lat' dir='ltr'>subiuncto</span> <span class='ocrx_word' id='word_1_391' title='bbox 1250 3760 1479 3803; x_wconf 87' lang='lat' dir='ltr'>commemoran-</span> 
     </span>
    </p>
   </div>
   <div class='ocr_carea' id='block_1_3' title="bbox 164 3947 1481 4903">
    <p class='ocr_par' dir='ltr' id='par_1_3' title="bbox 164 3947 1481 4822">
     <span class='ocr_line' id='line_1_37' title="bbox 240 3947 1481 4019; baseline -0.002 -16"><span class='ocrx_word' id='word_1_392' title='bbox 240 3951 284 4018; x_wconf 82' lang='grc'>13)</span> <span class='ocrx_word' id='word_1_393' title='bbox 306 3965 321 4004; x_wconf 88' lang='lat' dir='ltr'>e</span> <span class='ocrx_word' id='word_1_394' title='bbox 336 3947 433 4003; x_wconf 91' lang='lat' dir='ltr'>multis</span> <span class='ocrx_word' id='word_1_395' title='bbox 447 3966 518 4019; x_wconf 90' lang='lat' dir='ltr'>quos</span> <span class='ocrx_word' id='word_1_396' title='bbox 532 3948 635 4019; x_wconf 83' lang='lat' dir='ltr'>collegi</span> <span class='ocrx_word' id='word_1_397' title='bbox 649 3947 719 4003; x_wconf 88' lang='lat' dir='ltr'>locis</span> <span class='ocrx_word' id='word_1_398' title='bbox 733 3964 756 4003; x_wconf 90' lang='lat' dir='ltr'>e.</span> <span class='ocrx_word' id='word_1_399' title='bbox 768 3967 794 4019; x_wconf 89' lang='lat' dir='ltr'>g.</span> <span class='ocrx_word' id='word_1_400' title='bbox 810 3948 895 4004; x_wconf 84' lang='lat' dir='ltr'>effero</span> <span class='ocrx_word' id='word_1_401' title='bbox 910 3948 984 4002; x_wconf 92' lang='lat' dir='ltr'>Plnt.</span> <span class='ocrx_word' id='word_1_402' title='bbox 996 3947 1086 4002; x_wconf 86' lang='lat' dir='ltr'>Alcib.</span> <span class='ocrx_word' id='word_1_403' title='bbox 1097 3953 1133 4002; x_wconf 80' lang='lat'>84</span> <span class='ocrx_word' id='word_1_404' title='bbox 1151 3947 1251 4018; x_wconf 80' lang='grc' dir='ltr'><strong><em>ίδρστο</em></strong></span> <span class='ocrx_word' id='word_1_405' title='bbox 1269 3947 1305 4003; x_wconf 84' lang='grc' dir='ltr'><strong><em>τὰ</em></strong></span> <span class='ocrx_word' id='word_1_406' title='bbox 1318 3947 1481 4018; x_wconf 74' lang='grc' dir='ltr'><strong><em>Πλυντήρια</em></strong></span> 
     </span>
     <span class='ocr_line' id='line_1_38' title="bbox 166 4024 1481 4104; baseline -0.003 -19"><span class='ocrx_word' id='word_1_407' title='bbox 166 4038 202 4102; x_wconf 79' lang='grc' dir='ltr'><strong><em>τῇ</em></strong></span> <span class='ocrx_word' id='word_1_408' title='bbox 220 4033 292 4104; x_wconf 76' lang='grc' dir='ltr'><strong><em>θεῷ,</em></strong></span> <span class='ocrx_word' id='word_1_409' title='bbox 315 4029 397 4084; x_wconf 82' lang='lat' dir='ltr'>Thes.</span> <span class='ocrx_word' id='word_1_410' title='bbox 413 4035 447 4084; x_wconf 79' lang='lat'>20</span> <span class='ocrx_word' id='word_1_411' title='bbox 465 4029 515 4092; x_wconf 83' lang='grc' dir='ltr'><strong><em>τὰς</em></strong></span> <span class='ocrx_word' id='word_1_412' title='bbox 533 4030 565 4085; x_wconf 79' lang='grc' dir='ltr'><strong><em>δέ</em></strong></span> <span class='ocrx_word' id='word_1_413' title='bbox 583 4030 670 4101; x_wconf 78' lang='grc' dir='ltr'><strong><em>ταύτῃ</em></strong></span> <span class='ocrx_word' id='word_1_414' title='bbox 690 4027 835 4100; x_wconf 87' lang='grc' dir='ltr'><strong><em>δρωμένας</em></strong></span> <span class='ocrx_word' id='word_1_415' title='bbox 852 4027 970 4097; x_wconf 87' lang='grc' dir='ltr'><strong><em>θυσίας,</em></strong></span> <span class='ocrx_word' id='word_1_416' title='bbox 992 4028 1075 4084; x_wconf 88' lang='lat' dir='ltr'>Num.</span> <span class='ocrx_word' id='word_1_417' title='bbox 1092 4032 1107 4081; x_wconf 87' lang='grc'>9</span> <span class='ocrx_word' id='word_1_418' title='bbox 1127 4028 1161 4083; x_wconf 80' lang='grc' dir='ltr'><strong><em>οδ</em></strong></span> <span class='ocrx_word' id='word_1_419' title='bbox 1179 4026 1267 4098; x_wconf 79' lang='grc' dir='ltr'><strong><em>μόνον</em></strong></span> <span class='ocrx_word' id='word_1_420' title='bbox 1286 4037 1341 4084; x_wconf 84' lang='grc' dir='ltr'>τῶν</span> <span class='ocrx_word' id='word_1_421' title='bbox 1360 4024 1481 4103; x_wconf 76' lang='grc' dir='ltr'><strong><em>δημοσίᾳ</em></strong></span> 
     </span>
     <span class='ocr_line' id='line_1_39' title="bbox 166 4107 1479 4186; baseline -0.002 -20"><span class='ocrx_word' id='word_1_422' title='bbox 166 4107 320 4179; x_wconf 77' lang='grc' dir='ltr'><strong><em>δρωμένων</em></strong></span> <span class='ocrx_word' id='word_1_423' title='bbox 339 4109 566 4180; x_wconf 73' lang='grc' dir='ltr'><strong><em>ἐπιμελούμενος,</em></strong></span> <span class='ocrx_word' id='word_1_424' title='bbox 592 4109 661 4164; x_wconf 74' lang='lat' dir='ltr'>dit&amp;</span> <span class='ocrx_word' id='word_1_425' title='bbox 680 4110 812 4172; x_wconf 75' lang='grc' dir='ltr'><strong><em>καὶτοὺς</em></strong></span> <span class='ocrx_word' id='word_1_426' title='bbox 835 4107 896 4186; x_wconf 82' lang='grc' dir='ltr'><strong><em>ίδίρι</em></strong></span> <span class='ocrx_word' id='word_1_427' title='bbox 914 4109 1041 4173; x_wconf 80' lang='grc' dir='ltr'><strong><em>θύοντας</em></strong></span> <span class='ocrx_word' id='word_1_428' title='bbox 1059 4109 1232 4176; x_wconf 81' lang='grc' dir='ltr'><strong><em>έιιιωιοττῶν,</em></strong></span> <span class='ocrx_word' id='word_1_429' title='bbox 1261 4107 1356 4178; x_wconf 83' lang='lat' dir='ltr'>Symp.</span> <span class='ocrx_word' id='word_1_430' title='bbox 1370 4107 1410 4162; x_wconf 89' lang='lat' dir='ltr'>VI</span> <span class='ocrx_word' id='word_1_431' title='bbox 1430 4113 1479 4176; x_wconf 78' lang='lat'>7,1</span> 
     </span>
     <span class='ocr_line' id='line_1_40' title="bbox 165 4187 1479 4263; baseline -0.003 -17"><span class='ocrx_word' id='word_1_432' title='bbox 165 4187 256 4248; x_wconf 84' lang='grc' dir='ltr'><strong><em>θυσία</em></strong></span> <span class='ocrx_word' id='word_1_433' title='bbox 275 4210 318 4254; x_wconf 88' lang='grc' dir='ltr'>τις</span> <span class='ocrx_word' id='word_1_434' title='bbox 339 4189 396 4245; x_wconf 82' lang='grc' dir='ltr'><strong><em>ἔστι</em></strong></span> <span class='ocrx_word' id='word_1_435' title='bbox 414 4189 532 4260; x_wconf 80' lang='grc' dir='ltr'><strong><em>πάτριος</em></strong></span> <span class='ocrx_word' id='word_1_436' title='bbox 554 4188 591 4260; x_wconf 80' lang='grc' dir='ltr'>ἢν</span> <span class='ocrx_word' id='word_1_437' title='bbox 610 4189 625 4245; x_wconf 88' lang='grc' dir='ltr'><strong><em>δ</em></strong></span> <span class='ocrx_word' id='word_1_438' title='bbox 644 4190 695 4260; x_wconf 76' lang='grc' dir='ltr'>μὲν</span> <span class='ocrx_word' id='word_1_439' title='bbox 718 4189 812 4261; x_wconf 77' lang='grc' dir='ltr'><strong><em>ἅρχων</em></strong></span> <span class='ocrx_word' id='word_1_440' title='bbox 837 4189 883 4245; x_wconf 78' lang='grc' dir='ltr'>ἐπὶ</span> <span class='ocrx_word' id='word_1_441' title='bbox 905 4197 954 4258; x_wconf 81' lang='grc' dir='ltr'><strong><em>τῆς</em></strong></span> <span class='ocrx_word' id='word_1_442' title='bbox 981 4197 1079 4258; x_wconf 79' lang='grc' dir='ltr'><strong><em>κοινῆς</em></strong></span> <span class='ocrx_word' id='word_1_443' title='bbox 1106 4187 1198 4254; x_wconf 74' lang='grc' dir='ltr'><strong><em>ἑστίας</em></strong></span> <span class='ocrx_word' id='word_1_444' title='bbox 1221 4193 1290 4263; x_wconf 79' lang='grc' dir='ltr'><strong><em>δρᾷ,</em></strong></span> <span class='ocrx_word' id='word_1_445' title='bbox 1317 4187 1479 4244; x_wconf 83' lang='lat' dir='ltr'>Philostret.</span> 
     </span>
     <span class='ocr_line' id='line_1_41' title="bbox 166 4265 1480 4343; baseline -0.003 -16"><span class='ocrx_word' id='word_1_446' title='bbox 166 4269 261 4342; x_wconf 86' lang='lat' dir='ltr'>Apoll.</span> <span class='ocrx_word' id='word_1_447' title='bbox 281 4271 294 4324; x_wconf 94' lang='lat'>1</span> <span class='ocrx_word' id='word_1_448' title='bbox 313 4275 346 4325; x_wconf 79' lang='grc'>29</span> <span class='ocrx_word' id='word_1_449' title='bbox 366 4276 442 4341; x_wconf 81' lang='lat' dir='ltr'>pil</span> <span class='ocrx_word' id='word_1_450' title='bbox 461 4270 496 4326; x_wconf 87' lang='grc' dir='ltr'>τδι</span> <span class='ocrx_word' id='word_1_451' title='bbox 515 4271 568 4343; x_wconf 79' lang='grc' dir='ltr'><strong><em>γὰρ</em></strong></span> <span class='ocrx_word' id='word_1_452' title='bbox 593 4269 653 4340; x_wconf 87' lang='grc' dir='ltr'><strong><em>ίερδι</em></strong></span> <span class='ocrx_word' id='word_1_453' title='bbox 672 4267 723 4325; x_wconf 74' lang='grc' dir='ltr'>ὑπ’</span> <span class='ocrx_word' id='word_1_454' title='bbox 745 4268 863 4334; x_wconf 77' lang='grc' dir='ltr'><strong><em>ἐκείνοις</em></strong></span> <span class='ocrx_word' id='word_1_455' title='bbox 881 4272 983 4339; x_wconf 84' lang='grc' dir='ltr'><strong><em>δρᾶται</em></strong></span> <span class='ocrx_word' id='word_1_456' title='bbox 1006 4272 1035 4323; x_wconf 86' lang='lat' dir='ltr'>ct</span> <span class='ocrx_word' id='word_1_457' title='bbox 1052 4267 1104 4323; x_wconf 90' lang='lat' dir='ltr'>VII</span> <span class='ocrx_word' id='word_1_458' title='bbox 1124 4275 1157 4324; x_wconf 92' lang='lat'>10</span> <span class='ocrx_word' id='word_1_459' title='bbox 1176 4287 1203 4340; x_wconf 90' lang='lat' dir='ltr'>p.</span> <span class='ocrx_word' id='word_1_460' title='bbox 1220 4275 1270 4323; x_wconf 79' lang='lat'>132</span> <span class='ocrx_word' id='word_1_461' title='bbox 1289 4271 1327 4341; x_wconf 81' lang='grc' dir='ltr'><strong><em>τῷ</em></strong></span> <span class='ocrx_word' id='word_1_462' title='bbox 1341 4265 1427 4341; x_wconf 72' lang='grc' dir='ltr'><strong><em>Ἡλίῳ</em></strong></span> <span class='ocrx_word' id='word_1_463' title='bbox 1447 4301 1480 4310; x_wconf 90' lang='grc'>-</span> 
     </span>
     <span class='ocr_line' id='line_1_42' title="bbox 165 4347 1480 4422; baseline -0.002 -16"><span class='ocrx_word' id='word_1_464' title='bbox 165 4383 203 4393; x_wconf 96' lang='grc'><strong>-</strong></span> <span class='ocrx_word' id='word_1_465' title='bbox 224 4349 316 4406; x_wconf 84' lang='grc' dir='ltr'><strong><em>δτιδσα</em></strong></span> <span class='ocrx_word' id='word_1_466' title='bbox 340 4349 435 4406; x_wconf 82' lang='grc' dir='ltr'><strong><em>είίιθει</em></strong></span> <span class='ocrx_word' id='word_1_467' title='bbox 458 4349 578 4420; x_wconf 68' lang='grc' dir='ltr'><strong><em>δράστας</em></strong></span> <span class='ocrx_word' id='word_1_468' title='bbox 604 4351 639 4406; x_wconf 82' lang='lat' dir='ltr'>cf.</span> <span class='ocrx_word' id='word_1_469' title='bbox 659 4351 746 4405; x_wconf 88' lang='lat' dir='ltr'>etiam</span> <span class='ocrx_word' id='word_1_470' title='bbox 765 4349 915 4406; x_wconf 86' lang='lat' dir='ltr'>Athen.Vl</span> <span class='ocrx_word' id='word_1_471' title='bbox 933 4369 960 4422; x_wconf 89' lang='lat' dir='ltr'>p.</span> <span class='ocrx_word' id='word_1_472' title='bbox 977 4350 1052 4405; x_wconf 78' lang='grc'><strong>2741)</strong></span> <span class='ocrx_word' id='word_1_473' title='bbox 1072 4357 1091 4404; x_wconf 84' lang='grc' dir='ltr'>ε·</span> <span class='ocrx_word' id='word_1_474' title='bbox 1105 4349 1256 4404; x_wconf 80' lang='lat' dir='ltr'>Posidonio</span> <span class='ocrx_word' id='word_1_475' title='bbox 1275 4347 1427 4420; x_wconf 74' lang='grc' dir='ltr'><strong><em>τεταγμένα</em></strong></span> <span class='ocrx_word' id='word_1_476' title='bbox 1446 4381 1480 4390; x_wconf 89' lang='lat'><em>-</em></span> 
     </span>
     <span class='ocr_line' id='line_1_43' title="bbox 165 4426 1481 4502; baseline -0.003 -14"><span class='ocrx_word' id='word_1_477' title='bbox 165 4463 202 4473; x_wconf 95' lang='lat'>-</span> <span class='ocrx_word' id='word_1_478' title='bbox 222 4435 331 4500; x_wconf 77' lang='grc' dir='ltr'><strong><em>δρῶμεν</em></strong></span> <span class='ocrx_word' id='word_1_479' title='bbox 350 4431 381 4486; x_wconf 87' lang='grc' dir='ltr'>ίν</span> <span class='ocrx_word' id='word_1_480' title='bbox 400 4439 461 4494; x_wconf 73' lang='grc' dir='ltr'><strong><em>ταῖς</em></strong></span> <span class='ocrx_word' id='word_1_481' title='bbox 479 4427 664 4502; x_wconf 74' lang='grc' dir='ltr'><strong><em>ἱερουργίαις,</em></strong></span> <span class='ocrx_word' id='word_1_482' title='bbox 683 4429 824 4486; x_wconf 91' lang='lat' dir='ltr'>Polemon.</span> <span class='ocrx_word' id='word_1_483' title='bbox 840 4431 873 4484; x_wconf 82' lang='lat' dir='ltr'>fr.</span> <span class='ocrx_word' id='word_1_484' title='bbox 889 4437 921 4485; x_wconf 79' lang='lat'>61</span> <span class='ocrx_word' id='word_1_485' title='bbox 937 4429 1012 4484; x_wconf 90' lang='lat' dir='ltr'>Prell</span> <span class='ocrx_word' id='word_1_486' title='bbox 1026 4447 1071 4500; x_wconf 87' lang='lat' dir='ltr'>ap.</span> <span class='ocrx_word' id='word_1_487' title='bbox 1086 4429 1188 4485; x_wconf 88' lang='lat' dir='ltr'>Athen.</span> <span class='ocrx_word' id='word_1_488' title='bbox 1203 4429 1243 4483; x_wconf 85' lang='lat' dir='ltr'>XI</span> <span class='ocrx_word' id='word_1_489' title='bbox 1260 4447 1287 4498; x_wconf 92' lang='lat' dir='ltr'>p.</span> <span class='ocrx_word' id='word_1_490' title='bbox 1303 4433 1379 4484; x_wconf 78' lang='lat'>48³0</span> <span class='ocrx_word' id='word_1_491' title='bbox 1398 4426 1413 4484; x_wconf 83' lang='grc' dir='ltr'>ὃ</span> <span class='ocrx_word' id='word_1_492' title='bbox 1432 4430 1481 4484; x_wconf 77' lang='lat' dir='ltr'>nul</span> 
     </span>
     <span class='ocr_line' id='line_1_44' title="bbox 164 4509 1480 4581; baseline -0.004 -12"><span class='ocrx_word' id='word_1_493' title='bbox 164 4521 220 4569; x_wconf 82' lang='grc' dir='ltr'>νῦν</span> <span class='ocrx_word' id='word_1_494' title='bbox 238 4516 356 4580; x_wconf 82' lang='grc' dir='ltr'><strong><em>δρᾶται;</em></strong></span> <span class='ocrx_word' id='word_1_495' title='bbox 380 4528 552 4581; x_wconf 85' lang='lat' dir='ltr'>quamquam</span> <span class='ocrx_word' id='word_1_496' title='bbox 576 4528 611 4566; x_wconf 91' lang='lat' dir='ltr'>ne</span> <span class='ocrx_word' id='word_1_497' title='bbox 634 4509 679 4565; x_wconf 89' lang='lat' dir='ltr'>his</span> <span class='ocrx_word' id='word_1_498' title='bbox 698 4511 811 4580; x_wconf 86' lang='lat' dir='ltr'>quidem</span> <span class='ocrx_word' id='word_1_499' title='bbox 830 4510 900 4566; x_wconf 89' lang='lat' dir='ltr'>locis</span> <span class='ocrx_word' id='word_1_500' title='bbox 919 4510 1091 4580; x_wconf 90' lang='lat' dir='ltr'>reliquisque</span> <span class='ocrx_word' id='word_1_501' title='bbox 1110 4527 1180 4579; x_wconf 88' lang='lat' dir='ltr'>quos</span> <span class='ocrx_word' id='word_1_502' title='bbox 1199 4509 1303 4579; x_wconf 79' lang='lat' dir='ltr'>collegi</span> <span class='ocrx_word' id='word_1_503' title='bbox 1322 4509 1480 4579; x_wconf 87' lang='lat' dir='ltr'>exemplum</span> 
     </span>
     <span class='ocr_line' id='line_1_45' title="bbox 164 4589 1481 4662; baseline -0.004 -14"><span class='ocrx_word' id='word_1_504' title='bbox 164 4592 336 4658; x_wconf 84' lang='lat' dir='ltr'>continetur,</span> <span class='ocrx_word' id='word_1_505' title='bbox 350 4592 401 4646; x_wconf 92' lang='lat' dir='ltr'>nbi</span> <span class='ocrx_word' id='word_1_506' title='bbox 415 4609 431 4647; x_wconf 92' lang='lat' dir='ltr'>e</span> <span class='ocrx_word' id='word_1_507' title='bbox 446 4591 528 4647; x_wconf 85' lang='lat' dir='ltr'>verbo</span> <span class='ocrx_word' id='word_1_508' title='bbox 543 4595 615 4662; x_wconf 85' lang='grc' dir='ltr'><strong><em>δρᾶν</em></strong></span> <span class='ocrx_word' id='word_1_509' title='bbox 630 4592 805 4647; x_wconf 83' lang='lat' dir='ltr'>accusativus</span> <span class='ocrx_word' id='word_1_510' title='bbox 820 4591 941 4647; x_wconf 85' lang='lat' dir='ltr'>nominis</span> <span class='ocrx_word' id='word_1_511' title='bbox 960 4591 1097 4645; x_wconf 85' lang='lat' dir='ltr'>hostiae</span> <span class='ocrx_word' id='word_1_512' title='bbox 1115 4591 1228 4660; x_wconf 87' lang='lat' dir='ltr'>pendet.</span> <span class='ocrx_word' id='word_1_513' title='bbox 1239 4621 1274 4630; x_wconf 93' lang='lat'><em>-</em></span> <span class='ocrx_word' id='word_1_514' title='bbox 1283 4589 1481 4659; x_wconf 80' lang='lat' dir='ltr'>Mysteriorum</span> 
     </span>
     <span class='ocr_line' id='line_1_46' title="bbox 164 4669 1481 4744; baseline -0.006 -14"><span class='ocrx_word' id='word_1_515' title='bbox 164 4675 304 4744; x_wconf 73' lang='grc' dir='ltr'><strong><em>δρώμενα,</em></strong></span> <span class='ocrx_word' id='word_1_516' title='bbox 328 4672 435 4742; x_wconf 91' lang='lat' dir='ltr'>quippe</span> <span class='ocrx_word' id='word_1_517' title='bbox 458 4689 521 4726; x_wconf 91' lang='lat' dir='ltr'>cum</span> <span class='ocrx_word' id='word_1_518' title='bbox 539 4671 655 4727; x_wconf 80' lang='lat' dir='ltr'>verbum</span> <span class='ocrx_word' id='word_1_519' title='bbox 674 4675 747 4740; x_wconf 85' lang='grc' dir='ltr'><strong><em>δρᾶν</em></strong></span> <span class='ocrx_word' id='word_1_520' title='bbox 765 4671 813 4726; x_wconf 92' lang='lat' dir='ltr'>hic</span> <span class='ocrx_word' id='word_1_521' title='bbox 835 4673 980 4743; x_wconf 84' lang='lat' dir='ltr'>propriore</span> <span class='ocrx_word' id='word_1_522' title='bbox 998 4670 1025 4726; x_wconf 81' lang='lat' dir='ltr'>vi</span> <span class='ocrx_word' id='word_1_523' title='bbox 1045 4670 1168 4738; x_wconf 85' lang='lat' dir='ltr'>dicatur,</span> <span class='ocrx_word' id='word_1_524' title='bbox 1192 4687 1225 4726; x_wconf 86' lang='lat' dir='ltr'>ex</span> <span class='ocrx_word' id='word_1_525' title='bbox 1243 4669 1297 4725; x_wconf 88' lang='lat' dir='ltr'>hac</span> <span class='ocrx_word' id='word_1_526' title='bbox 1316 4669 1481 4738; x_wconf 87' lang='lat' dir='ltr'>quaestione</span> 
     </span>
     <span class='ocr_line' id='line_1_47' title="bbox 166 4753 464 4822; baseline -0.007 -14"><span class='ocrx_word' id='word_1_527' title='bbox 166 4768 309 4808; x_wconf 87' lang='lat' dir='ltr'>removere</span> <span class='ocrx_word' id='word_1_528' title='bbox 331 4753 464 4822; x_wconf 79' lang='lat' dir='ltr'>praestet.</span> 
     </span>
    </p>

    <p class='ocr_par' dir='ltr' id='par_1_4' title="bbox 240 4830 1444 4903">
     <span class='ocr_line' id='line_1_48' title="bbox 240 4830 1444 4903; baseline -0.004 -17"><span class='ocrx_word' id='word_1_529' title='bbox 240 4836 283 4902; x_wconf 81' lang='lat'>14)</span> <span class='ocrx_word' id='word_1_530' title='bbox 303 4833 338 4888; x_wconf 84' lang='lat' dir='ltr'>cf.</span> <span class='ocrx_word' id='word_1_531' title='bbox 355 4831 511 4888; x_wconf 81' lang='lat' dir='ltr'>Mommsen</span> <span class='ocrx_word' id='word_1_532' title='bbox 531 4833 612 4889; x_wconf 80' lang='lat' dir='ltr'>Festa</span> <span class='ocrx_word' id='word_1_533' title='bbox 630 4851 657 4903; x_wconf 93' lang='lat' dir='ltr'>p.</span> <span class='ocrx_word' id='word_1_534' title='bbox 673 4838 715 4888; x_wconf 81' lang='grc'>39.</span> <span class='ocrx_word' id='word_1_535' title='bbox 879 4837 922 4903; x_wconf 79' lang='lat' dir='ltr'>lt)</span> <span class='ocrx_word' id='word_1_536' title='bbox 946 4833 996 4888; x_wconf 79' lang='lat' dir='ltr'>IG</span> <span class='ocrx_word' id='word_1_537' title='bbox 1014 4831 1114 4899; x_wconf 73' lang='lat' dir='ltr'>Helo,</span> <span class='ocrx_word' id='word_1_538' title='bbox 1134 4830 1238 4886; x_wconf 88' lang='lat' dir='ltr'>Michel</span> <span class='ocrx_word' id='word_1_539' title='bbox 1252 4830 1365 4888; x_wconf 77' lang='grc' dir='ltr'><strong><em>Βιωιιιί</em></strong></span> <span class='ocrx_word' id='word_1_540' title='bbox 1385 4833 1444 4883; x_wconf 83' lang='lat'>140.</span> 
     </span>
    </p>
   </div>
   <div class='ocr_carea' id='block_1_4' title="bbox 0 0 1718 5462">
    <p class='ocr_par' dir='ltr' id='par_1_5' title="bbox 0 0 1718 5462">
     <span class='ocr_line' id='line_1_49' title="bbox 0 0 1718 5462; baseline 0 0"><span class='ocrx_word' id='word_1_541' title='bbox 0 0 1718 5462; x_wconf 95' lang='lat' dir='ltr'> </span> 
     </span>
    </p>
   </div>
  </div>
 </body>
</html>
