3450 5458
272 285 336 350 178
786 285 901 341 Lucas
919 285 1059 341 sicana

271 474 337 514 cum
356 455 462 532 priscis
479 453 592 514 Cereris
611 455 703 514 sacris
723 435 908 518 coniunxisse
927 447 1096 537 constet⁸¹),
1116 455 1241 516 eundem
1258 455 1414 517 Andaniae
1432 457 1585 533 mysteriis

272 552 447 612 cabirorum
470 571 555 612 sacra
573 541 746 612 ‘adiunxisse
769 554 928 613 existimat.
973 553 1057 612 Idem
1079 555 1142 612 fere
1165 554 1294 614 Foucart
1317 558 1425 614 censet
1471 554 1585 614 Contra

271 651 407 727 Toepffer
429 650 590 710 Dioscuros
618 650 780 728 intellegit:
808 651 870 710 iam
892 652 1004 710 incolas
1027 652 1216 728 praedoricos
1238 651 1438 728 Peloponnesi
1460 671 1510 712 eos
1534 672 1584 712 eo-

268 749 371 823 lnisse,
393 749 474 825 ipsos
493 748 654 808 Messenios
673 748 834 808 secundum
852 748 1035 809 Pausaniam
1054 751 1167 810 cultum
1186 769 1287 810 eorum
1306 755 1463 827 tamquam
1482 769 1584 830 suum,

270 865 330 906 non
352 845 654 905 Lacedaemoniorum
681 845 740 906 sibi
766 839 977 928 vindicasse⁶²)
1006 850 1037 907 et
1063 847 1274 908 sacrificarisse
1302 850 1353 923 iis,
1383 867 1448 908 cum
1471 848 1583 908 funda·

269 947 372 1004 menta
394 963 489 1003 novae
512 943 593 1003 urbis
617 963 695 1003 anno
716 945 778 1004 369
799 945 931 1003 iacerent
938 937 991 1025 ⁶³),
1016 947 1108 1006 etiam
1125 947 1158 1005 in
1176 946 1248 1005 urbe
1267 946 1400 1006 Messene
1420 947 1582 1006 Dioscuros

270 1061 337 1102 cum
366 1039 471 1100 Cerere
499 1041 673 1102 coniunctos
701 1059 764 1102 esse
794 1035 897 1124 (Paua.
916 1043 960 1100 IV
979 1045 1036 1117 31,
1052 1037 1086 1125 9)
1118 1043 1251 1120 itemque
1278 1045 1448 1104 Mantineae
1477 1038 1582 1125 (Paus.

175 1133 181 1144 '
269 1139 345 1198 Vll]
369 1141 398 1215 9,
413 1131 457 1220 2),
480 1139 606 1216 Spartae
630 1140 759 1216 denique
782 1144 813 1199 et
835 1141 912 1218 Argi
934 1141 1063 1201 similem
1085 1143 1165 1202 inter
1187 1142 1348 1202 Dioscuros
1371 1145 1402 1202 et
1423 1142 1583 1218 liitbyiam

270 1257 414 1298 conexum
436 1237 566 1296 inveniri
589 1230 690 1318 (Pans.
713 1237 745 1297 Π
765 1239 849 1314 22,6
875 1241 906 1298 et
928 1238 974 1298 ΠΙ
999 1241 1050 1313 14,
1065 1233 1108 1320 6).
1156 1239 1299 1300 Concedit
1320 1244 1422 1299 tamen
1444 1240 1584 1316 Toepffer

270 1337 333 1414 ipse
356 1335 420 1395 fieri
443 1338 585 1412 potuisse,
608 1339 643 1395 ut
666 1335 768 1396 Gabini
789 1337 973 1413 temporibus
992 1333 1195 1398 Hellenistiois
1218 1340 1315 1416 magis
1338 1340 1493 1416 magisque
1512 1358 1582 1398 cum

268 1434 421 1494 Dioscuris
450 1425 611 1514 confusill)
639 1433 810 1494 Andaniam
838 1453 957 1511 quoqne
985 1437 1174 1512 pervenirent
1205 1435 1305 1511 ibique
1333 1434 1470 1512 Castores
1502 1437 1582 1496 anti·

270 1533 373 1608 quitus
407 1533 502 1592 cultos
534 1535 734 1604 removerent,
770 1531 1002 1609 Methapumque
1033 1535 1066 1592 id
1098 1534 1228 1594 effecisse
1260 1535 1441 1610 comprobat
1497 1534 1582 1603 Quae

269 1632 399 1690 maxima
422 1633 501 1690 certe
520 1649 536 1688 e
554 1633 641 1706 parte
664 1630 859 1707 probabiliter
877 1630 1030 1706 disputata
1048 1623 1173 1712 sunt⁶⁶),
1196 1632 1334 1708 atque‘id
1354 1634 1459 1708 utique
1477 1636 1582 1691 tenen·

269 1728 340 1814 dum
367 1728 486 1788 videtur
509 1727 634 1806 Magnos
657 1728 736 1788 Deos
764 1747 860 1804 aeque
888 1748 923 1788 ac
945 1729 1070 1806 Magnas
1094 1730 1172 1789 Dens
1195 1729 1255 1789 iam
1274 1730 1511 1805 'antiquissimae
1535 1749 1582 1788 re-

268 1827 375 1904 ligioni
403 1826 516 1899 deberi,
549 1845 645 1902 neque
678 1826 708 1884 in
737 1828 855 1886 nomine
883 1826 1097 1886 Diosourorum
1129 1830 1183 1887 ant
1210 1825 1387 1887 cabirorum
1413 1827 1581 1888 necessario

268 1923 449 1984 haerendum
481 1925 555 1983 mihi
582 1924 709 1984 ridetur.
755 1924 800 1984 De
823 1924 972 1984 Mercurio
1003 1926 1034 1983 et
1055 1924 1196 2001 Apolline
1222 1923 1329 1986 titides
1357 1929 1387 1986 et
1413 1927 1581 1986 Pausanias

268 2025 461 2082 conveniunt:
489 2022 576 2082 illum
600 2023 637 2081 ab
661 2022 775 2099 origine
799 2042 866 2082 cum
891 2021 994 2082 Cerere
1017 2026 1047 2081 et
1065 2022 1243 2100 Proserpina
1266 2025 1468 2084 consociatum
1487 2024 1580 2084 fuisse

268 2121 331 2181 veri
364 2121 460 2182 simile
492 2120 581 2197 duco,
613 2121 683 2180 huic
715 2140 733 2180 a
760 2121 890 2180 Doribus
917 2121 1080 2180 victoribus
1113 2123 1215 2180 fanum
1247 2125 1344 2182 totum
1373 2124 1580 2182 consecratum

268 2211 380 2299 esse⁶⁰l
403 2239 497 2296 paene
516 2223 638 2278 certum.

356 2317 402 2376 De
425 2317 576 2393 mysteriis
599 2317 673 2394 ipsis
692 2319 750 2377 etsi
767 2319 906 2376 nimirum
927 2318 959 2376 in
977 2317 1033 2376 hac
1050 2318 1117 2394 lege
1135 2316 1211 2376 nihil
1229 2317 1403 2377 enuntiatur
1417 2349 1452 2358 —
1465 2314 1581 2397 ύρρητα

268 2419 347 2474 enirn
371 2417 457 2475 erant
472 2448 513 2456 -
528 2415 629 2493 colligi
652 2419 753 2474 tamen
771 2434 869 2491 pauca
887 2417 1019 2492 possunt.
1058 2413 1179 2474 Certum
1199 2419 1244 2474 ast
1262 2416 1467 2491 spectaculum
1485 2416 1579 2476 fuisse

267 2515 439 2592 mysticum,
466 2515 498 2572 in
527 2513 633 2590 quibus
656 2513 795 2573 mulieres
818 2512 942 2573 deorum
963 2531 1105 2589 personas
1128 2512 1299 2586 induerent,
1327 2513 1362 2572 cf.
1387 2533 1413 2571 v.
1435 2513 1476 2572 68
1504 2511 1579 2572 ὅταν

266 2610 304 2672 ἐν
326 2620 387 2672 τῶι
411 2610 564 2690 θεύτριοι
587 2611 728 2692 καθαίρει
751 2615 781 2670 et
803 2632 830 2671 v.
851 2613 892 2670 24
918 2608 1020 2688 b'ocffig']
1043 2607 1074 2671 δὲ
1098 2610 1147 2670 δεῖ
1164 2609 1409 2682 διασκευάζεσθαι
1430 2609 1473 2683 εἰς
1495 2615 1580 2670 θεῶν

267 2701 448 2790 διύθεσινῧί)
472 2728 508 2769 ac
530 2727 646 2770 sacram
670 2709 789 2786 quidem
812 2709 977 2784 historiam,
1006 2706 1042 2768 τὰ
1068 2701 1203 2789 audead)
1226 2709 1385 2784 praecipue
1409 2707 1523 2768 Cereris
1546 2713 1580 2768 et

266 2808 460 2884 Proserpinae
489 2809 567 2868 sicut
593 2808 734 2868 Eleusine
767 2810 835 2867 acta
868 2825 930 2866 esse
957 2808 1019 2866 iam
1048 2806 1167 2883 Sauppe
1193 2807 1300 2866 merito
1330 2808 1446 2866 statim.
1492 2805 1580 2875 Quod

266 2907 469 2984 spectaculum
492 2908 582 2965 cantu
604 2907 748 2965 tibiarum
771 2906 962 2981 citharaeque
984 2925 1045 2964 non
1068 2906 1166 2966 caruit
1188 2897 1230 2984 (r.
1248 2906 1287 2964 73
1313 2906 1342 2963 et
1367 2897 1461 2986 115);
1485 2906 1579 2964 etiam

266 3005 422 3064 chororum
446 2999 479 3085 (ᾗ
497 2997 553 3086 13)
576 3023 645 3080 pars
669 3008 746 3064 certe
770 3003 809 3062 ad
831 3005 975 3081 mysteria
999 3007 1029 3062 et
1052 3003 1156 3062 drama
1179 3021 1296 3062 sacrum
1317 3003 1471 3061 referenda
1495 3003 1579 3061 vide-

265 3107 323 3164 tur.
369 3102 462 3162 Porro
485 3121 556 3162 vero
584 3103 641 3162 hue
669 3103 785 3162 iaciunt
812 3101 875 3181 ίερδι
901 3101 956 3160 illa
984 3099 1124 3179 μυστικά,
1157 3119 1233 3177 quae
1256 3102 1387 3178 virgines
1410 3102 1442 3158 in
1465 3119 1579 3177 pompa

337 3355 381 3423 61)
409 3352 610 3420 Paus.IV1,'l
630 3356 659 3407 et
677 3352 808 3418 litant.

336 3437 381 3504 62)
408 3433 491 3488 Paus.
505 3433 544 3486 111
558 3438 627 3502 26,3
646 3434 712 3495 τούς
730 3431 921 3500 Διοσκούρους
939 3433 1041 3499 μᾶλλον
1060 3451 1087 3485 τι
1106 3431 1202 3494 nicole
1220 3431 1268 3484 καί
1288 3430 1322 3484 ού
1340 3429 1578 3499 Λακεδαιμονίοις

263 3513 415 3584 προσήκειν
434 3512 603 3583 νομίζουσιν,
622 3512 656 3568 cf.
671 3512 711 3567 IV
725 3518 768 3579 31,
779 3517 803 3566 9.

336 3597 381 3664 63)
408 3594 491 3648 Paua.
505 3593 624 3662 1th,6
644 3593 681 3656 ὡς
698 3592 730 3648 δὲ
749 3589 871 3662 ἐγεγόνει
889 3591 924 3646 τὰ
942 3589 1037 3646 πάντα
1056 3589 1086 3644 ίν
1106 3586 1214 3663 ἑτοίμῳ,
1232 3589 1263 3643 τὸ
1283 3590 1466 3644 ἐντεῦθεν-
1486 3589 1577 3659 ἱερεῖα

263 3675 316 3746 γὰρ
331 3683 467 3746 παρεῖχον
482 3673 510 3728 οἱ
528 3671 654 3742 Ἀρκάδες
674 3705 701 3714 -
717 3675 802 3736 αὐτὸς
820 3672 871 3740 μὲν
884 3668 1115 3740 Ἐπαμεινώνδας
1133 3669 1181 3724 καί
1200 3669 1227 3724 οί
1244 3671 1365 3741 Θηβαῖοι
1379 3669 1507 3743 Διονύσῳ
1527 3672 1576 3724 καί

261 3753 411 3810 Ἀπόλλωνι
425 3754 514 3810 ἔθυον
528 3752 660 3827 Ἰσμηνίῳ
674 3785 709 3794 -
724 3786 758 3794 -
776 3785 809 3793 -
824 3750 980 3819 Μεσσήνιοι
999 3749 1031 3806 δὲ
1045 3748 1093 3804 Διί
1111 3769 1141 3805 τε
1157 3747 1299 3823 Ἰθωμάτᾳ
1319 3751 1367 3804 καί
1381 3751 1575 3818 Διοσκούροις,

265 3836 292 3890 ol
312 3836 345 3892 δέ
364 3851 461 3905 σφισιν
481 3834 565 3901 ίιρεῑς
581 3837 666 3898 Θεαῖς
683 3843 744 3896 ταῖς
758 3833 904 3902 Μεγάλαις
921 3831 970 3886 καὶ
989 3831 1130 3886 Καύκωνι.
1161 3829 1304 3884 Dioscuris
1324 3845 1391 3884 sane
1409 3829 1473 3884 ideo
1487 3831 1577 3900 potis-

263 3916 366 3970 simum
385 3914 574 3969 sacrfficatum
593 3916 644 3982 est,
664 3914 731 3983 quia
749 3914 781 3969 rb
799 3913 905 3982 μήνιμα
924 3911 979 3980 ἤδη
998 3908 1078 3980 σφίσι
1094 3909 1234 3964 πέπαυται
1254 3909 1285 3963 τὸ
1300 3910 1481 3977 Διοσκούρων
1496 3911 1575 3979 (ibid.

263 4013 286 4052 c.
302 4001 372 4063 *166
391 3998 421 4049 et
440 3997 526 4064 aas).

334 4078 379 4146 64)
407 4074 519 4129 Lobcck
542 4075 677 4145 Aglaoplr.
697 4093 724 4144 p.
742 4079 811 4128 12³0
819 4091 893 4143 sqq.;
916 4070 1171 4127 luculentissimum
1194 4069 1251 4125 fera
1276 4070 1433 4139 exemplum
1456 4071 1576 4140 praebet

262 4154 393 4210 Deliacus
413 4154 542 4209 sacerdos
560 4158 639 4210 Θεῶν
657 4154 797 4224 Μεγάλων
811 4153 993 4220 Διοσκούρων
1012 4148 1160 4222 Καβείρων
1174 4151 1212 4220 (Β
1219 4151 1280 4205 ΘΗ
1290 4150 1341 4204 Vll
1357 4156 1408 4204 339
1427 4169 1453 4206 n.
1469 4155 1574 4219 seqq).

334 4237 379 4305 66)
407 4250 535 4288 τοιουτου
555 4237 597 4289 est
616 4250 639 4289 e.
655 4253 681 4305 g.
701 4233 807 4288 Robert
827 4234 932 4289 (lueet.
950 4233 1039 4303 Mytb.
1059 4249 1087 4300 p.
1103 4235 1163 4298 146,
1173 4236 1198 4286 6.

334 4317 378 4384 66)
406 4315 481 4368 unde
499 4315 672 4384 temporibus
692 4314 833 4369 historicis
848 4311 1037 4381 Καρνιιύτιον
1055 4311 1139 4372 ἄλσος
1152 4309 1197 4380 (cf.
1212 4329 1237 4364 v.
1249 4315 1282 4364 63
1303 4314 1332 4366 et
1346 4311 1428 4366 Paua.
1444 4310 1481 4364 IV
1491 4317 1535 4376 36,
1546 4315 1575 4380 4)

263 4393 468 4464 appellabatur.
855 4446 857 4448 .

334 4476 378 4542 67)
403 4475 577 4545 ‘diejmiqaa
591 4476 686 4530 welche
699 4493 750 4530 sur
759 4475 941 4544 Darstcllaaq
955 4489 1007 4527 eon
1019 4471 1132 4527 dorma
1146 4478 1320 4543 ausgestattct
1332 4472 1440 4527 υυιδαι
1452 4472 1571 4526 meissen’

263 4552 375 4623 Sauppe
393 4553 469 4608 hunc
486 4555 562 4608 vocis
582 4556 712 4617 διάθεσις
729 4573 811 4610 usum
830 4555 965 4623 exemplis
984 4552 1164 4618 confirmans3
1183 4552 1287 4606 rectius
1306 4551 1431 4606 Dittenb.
1448 4553 1574 4624 babilam

263 4632 413 4703 intellegit,
431 4636 464 4687 ut
482 4635 713 4701 διασκευάζουται
737 4636 777 4697 τίς
794 4638 873 4690 θεῶν
891 4633 1024 4689 διάθεσιν
1043 4633 1118 4687 idom
1137 4633 1176 4686 sit
1200 4647 1233 4685 ac
1252 4631 1484 4696 διασκευάζονται
1503 4630 1574 4686 ὥστε

263 4717 426 4768 διακεῖσθαι
445 4713 482 4775 ὡς
498 4711 567 4768 θοαί
586 4713 808 4770 coll.strab.1v
824 4719 876 4782 1‚s
894 4732 921 4784 p.
938 4719 996 4768 180.

333 4795 378 4862 68)
401 4792 539 4864 Athenag.
554 4793 650 4865 Legat.
670 4813 693 4848 c.
709 4800 743 4849 32
761 4813 789 4865 p.
805 4800 838 4848 33
862 4793 997 4863 τὰπάθη
1016 4803 1071 4849 τῶν
1090 4797 1167 4848 θεῶν
1186 4792 1346 4847 δεικνύουσι
1364 4791 1510 4862 μυστήρια,
1536 4792 1572 4847 cf.

263 4871 349 4925 etiam
368 4871 453 4926 Clem.
469 4871 579 4928 Cohort.
595 4893 622 4943 p.
635 4881 667 4929 12
687 4874 811 4946 (Lobeck
829 4876 892 4945 Agl.
912 4893 938 4944 p.
955 4879 1026 4944 668).
