3426 5462
270 317 314 382 34
788 313 902 370 Laese
921 313 1061 369 SAGRAE

269 483 387 564 ίιίνομὲ
405 484 551 564 δάμυχσυι
570 483 783 563 canesceret,
797 481 870 543 ἀλλὰ
888 488 949 556 τοῖς
968 482 1047 543 liceo
1061 469 1086 543 ἔι
1104 477 1253 563 βα[δ]ίζεν
1267 479 1315 543 teri
1333 480 1369 542 τὰ
1382 474 1497 566 διερδιῦ)
1510 486 1579 558 aad,

270 585 348 644 unde
370 584 425 644 illa
448 586 547 644 aetate
570 583 736 644 sacerdotes
760 581 884 659 pedibus
909 586 1011 644 euntes
1035 600 1119 642 sacra
1141 581 1279 641 manibus
1307 583 1472 658 portavisse
1495 582 1579 642 colli-

270 683 399 762 gendum
422 687 475 759 est,
504 701 570 742 cum
600 681 647 740 HI
670 681 788 742 saeculo
812 700 900 740 curru
923 700 957 740 ea
982 683 1068 740 vecta
1096 699 1157 740 esse
1186 681 1301 740 constet
1322 679 1460 740 01e11
1483 679 1580 756 suppl.

270 803 298 841 n.
320 780 419 842 385d
440 801 468 840 1.
489 783 544 841 17:
567 777 617 840 καὶ
640 778 673 840 τὸ
696 781 798 859 ζεῦγος
820 773 1043 858 reprendatur
1062 771 1108 859 (οί
1124 775 1292 856 ἐπιμεληταὶ
1316 786 1375 838 τῶν
1394 771 1579 859 μυστηρίων)

271 877 304 940 ἐκ
330 888 389 940 τῶν
418 878 502 940 ίδίων
530 877 572 950 είς
598 877 654 956 τὴν
680 874 809 954 κομιδὴν
838 885 897 937 τῶν
925 869 1054 957 Capotes)
1099 877 1145 936 De
1168 877 1347 953 epheborum
1371 881 1471 937 autem
1495 880 1581 954 parte

272 981 411 1039 certiores
433 997 488 1038 nos
511 978 627 1038 faciunt
649 978 769 1054 praeter
791 975 847 1034 hoc
866 975 1017 1034 decretum
1040 975 1122 1034 tituli
1140 974 1195 1034 lc
1213 975 1244 1034 Π
1263 976 1449 1050 sss-471,
1473 975 1581 1051 quibus

271 1079 394 1137 ineunte
416 1077 432 1135 I
455 1079 524 1136 ante
551 1075 618 1134 Ohr.
639 1095 668 1133 n.
697 1073 814 1134 saeculo
838 1073 965 1150 ephebos
989 1075 1080 1134 sacris
1103 1073 1164 1132 illis
1195 1074 1349 1150 usquead
1373 1073 1454 1133 Echo
1482 1075 1581 1134 locum

273 1175 429 1252 quendam,
453 1176 484 1233 in
508 1173 558 1233 via
581 1192 666 1234 sacra
684 1173 799 1232 scilicet
817 1174 917 1247 situm,
940 1170 1059 1230 obviam
1082 1171 1196 1246 ductos,
1218 1171 1288 1230 inde
1307 1191 1342 1231 ea
1360 1173 1494 1232 Athenas
1512 1191 1581 1249 pro-

273 1275 387 1334 secutos
411 1292 473 1332 esse
496 1271 645 1332 discimus.
683 1271 718 1329 Id
741 1289 811 1330 vero
834 1271 932 1347 ipsum
955 1269 1011 1328 hoc
1035 1269 1151 1329 decreto
1175 1272 1324 1330 mutatum
1348 1272 1395 1330 est
1419 1273 1450 1330 et
1472 1272 1580 1330 consti·

272 1375 380 1448 tutum,
401 1375 436 1430 ut
453 1371 501 1430 die
516 1370 590 1430 XIII
609 1369 715 1447 ephebi
733 1369 876 1428 Eleusina
894 1368 1149 1446 proficiscerentur
1168 1371 1258 1444 atque
1277 1369 1338 1428 iam
1356 1369 1426 1428 binc
1444 1369 1491 1429 die
1510 1367 1581 1428 XIV

272 1489 357 1530 sacra
380 1489 434 1547 per
455 1472 552 1529 totam
570 1470 651 1527 viam
673 1468 706 1526 in
724 1467 910 1526 Eleusinium
929 1467 1076 1526 urbanum
1095 1459 1385 1549 prosequerentur⁸)‚
1404 1488 1495 1544 quam
1514 1486 1580 1528 con-

273 1567 460 1628 suetudinem
488 1568 645 1643 antiquam
675 1569 706 1625 et
738 1567 898 1644 genuinam
930 1565 1022 1624 fuisse
1045 1583 1060 1622 e
1083 1564 1181 1625 verbis
1211 1565 1272 1626 illis
1304 1564 1378 1626 κατὰ
1410 1564 1445 1626 τὰ
1476 1564 1583 1648 ἀρχαῖα

274 1664 385 1745 νόμιμοι
408 1669 542 1744 apparet.

362 1795 389 1832 v.
411 1773 451 1832 16
476 1770 577 1851 ἐπειδὴ
601 1769 649 1832 καὶ
675 1768 690 1832 δ
714 1768 882 1850 φαιδυντὴς
909 1774 973 1831 τοῖν
999 1769 1087 1831 Θεοῖν
1114 1765 1243 1851 ἀγγέλλει
1266 1776 1337 1832 art:
1364 1774 1484 1832 nomine
1512 1795 1582 1849 φαι-

273 1869 383 1948 δυντής
406 1873 602 1950 magistratus
622 1869 744 1948 quidam
762 1887 845 1929 sacer
868 1868 1102 1947 significabatur,
1124 1871 1161 1929 de
1180 1888 1239 1946 quo
1257 1869 1326 1930 Hes.
1346 1891 1367 1931 s.
1387 1891 1415 1930 v.
1435 1870 1582 1950 φαιδρυν-

272 1962 369 2052 τήςδ)
393 1967 409 2030 ὁ
440 1967 472 2029 τὸ
502 1966 569 2041 ἕδος
598 1977 651 2029 τοῦ
684 1969 759 2028 θεοῦ
788 1965 979 2047 tepentium
1012 1967 1048 2027 de
1081 1965 1221 2045 Olympio
1254 1970 1291 2029 cf.
1314 1969 1400 2029 Paus.
1423 1969 1452 2026 V
1472 1973 1513 2029 14
1546 1977 1581 2053 τῇ

270 2061 400 2152 Ἐργάνῃ
427 2065 477 2128 aci
504 2065 536 2152 οἱ
560 2064 704 2148 ἀπόγονοι
734 2065 871 2141 Φειδίου,
903 2064 1080 2144 καλούμενοι
1109 2063 1140 2126 δὲ
1168 2067 1361 2148 φαιδρυνταί,
1392 2064 1481 2150 γίροις
1502 2063 1583 2147 παρὰ

270 2160 393 2227 Ἠλείων
421 2164 574 2244 είληφότες
601 2173 654 2226 τοῦ
678 2163 751 2236 Διὸς
777 2161 809 2225 τὸ
837 2160 952 2244 δγυλμο
980 2160 1039 2226 ἀπὸ
1066 2173 1125 2224 τῶν
1153 2164 1391 2246 προσιζανόντων
1414 2167 1581 2246 καθαίρειν,

273 2255 355 2324 οὗτοι
378 2263 509 2324 θύουσιν
532 2260 664 2324 ἐνταῦθα
687 2259 758 2342 πρὶν
781 2258 802 2340 i}
821 2260 1003 2342 λαμπρύνειν
1025 2260 1057 2322 τὸ
1081 2259 1195 2343 ἄγαλμα
1218 2261 1371 2344 ἄρχονται.
1413 2265 1581 2324 Eleusinius

273 2363 305 2422 in
328 2363 384 2422 hoc
407 2362 524 2422 decreto
548 2361 677 2422 occurrit
699 2363 730 2419 et
751 2361 878 2421 fortasse
900 2362 932 2418 iu
955 2361 1021 2438 lege
1044 2381 1072 2419 n.
1093 2361 1145 2420 30
1164 2383 1192 2422 v.
1212 2364 1263 2422 43.
1300 2364 1344 2422 De
1368 2363 1476 2438 officio,
1498 2365 1582 2422 cuius

272 2461 321 2520 hic
348 2463 459 2520 mentio
488 2463 539 2536 fit,
567 2459 642 2519 nihil
670 2458 789 2519 aliunde
817 2461 947 2533 constat,
982 2458 1033 2518 sed
1061 2479 1128 2518 eum
1155 2480 1296 2538 pompam
1323 2464 1516 2538 praecessisse
1543 2464 1582 2535 ei,

273 2560 343 2619 dum
366 2577 477 2636 pompe
505 2557 543 2618 ad
566 2557 688 2618 Sacram
713 2557 819 2616 Ficum
846 2557 900 2616 sub
930 2557 996 2634 ipsa
1023 2558 1096 2616 urbe
1123 2559 1181 2618 iter
1208 2561 1327 2619 sisteret
1349 2551 1505 2641 (Philostr.
1527 2563 1581 2619 vit.

273 2659 355 2735 soph.
387 2657 418 2716 H
449 2651 520 2738 20),
555 2657 587 2715 in
623 2654 726 2715 urbem
763 2655 930 2733 profectum
962 2657 1103 2714 nuntium
1134 2658 1305 2733 pertulisse,
1341 2657 1409 2717 dein
1446 2659 1582 2718 reducem

272 2759 334 2817 iam
374 2756 478 2816 urbem
519 2755 626 2814 intrari
665 2773 751 2830 posse
796 2752 997 2813 sacerdotibus
1039 2753 1215 2815 indicavisse
1257 2756 1346 2815 Pfuhl
1387 2756 1583 2832 probabiliter

274 2856 407 2914 coniecit.

361 2973 389 3012 1.
411 2953 451 3012 19
480 2949 554 3012 κατὰ
582 2949 618 3011 τὰ
645 2947 719 3011 αὐτὰ
747 2947 779 3010 δὲ
806 2957 855 3028 silc
882 2947 983 3028 ἐνάτην
1005 2947 1054 3010 sel
1077 2948 1147 3012 δέκα
1169 2957 1228 3013 κτλ.
1260 2951 1341 3012 haud
1368 2953 1456 3013 dubie
1480 2952 1583 3012 eadem

273 3070 383 3128 pompa
411 3050 602 3110 celeberrima
632 3049 752 3124 dicitur,
781 3067 840 3125 qua
862 3047 985 3108 Iacchus
1009 3049 1193 3110 Eleusinae
1214 3053 1320 3129 mystis
1349 3050 1470 3128 ephebis
1497 3051 1583 3128 plebe

273 3149 444 3208 ducebatur.
452 3141 491 3230 ¹⁰)
529 3147 606 3207 Sane
626 3146 708 3224 apud
725 3147 803 3205 Plut.
823 3146 910 3205 Phoc.
932 3148 972 3205 28
1000 3153 1030 3206 et
1049 3146 1129 3207 (lam.
1147 3150 1197 3226 19,
1216 3151 1306 3210 schol.
1321 3149 1413 3210 Arist.
1428 3151 1502 3209 Rau.
1519 3151 1582 3210 324

274 3247 334 3306 diei
357 3247 411 3306 XX
434 3264 544 3324 pompa
567 3245 640 3305 haec
662 3245 814 3320 tribuitur,
838 3244 889 3304 sed
913 3248 999 3304 acute
1022 3247 1053 3304 et
1075 3247 1227 3308 evidenter
1250 3250 1285 3307 A.
1309 3249 1473 3308 Mommsen
1499 3251 1582 3308 testi·

272 3347 373 3405 monia
403 3348 447 3404 ita
470 3343 651 3419 conciliavit,
674 3346 709 3402 ut
730 3361 872 3420 pompam
895 3342 943 3402 die
966 3343 1037 3402 XIX
1060 3364 1095 3404 ex
1118 3344 1191 3407 urbe
1212 3367 1300 3406 mane
1324 3349 1488 3424 profectam
1516 3350 1584 3424 post

273 3445 346 3504 solis
370 3461 507 3504 occasum
530 3444 658 3517 demum,
681 3441 816 3518 proximo
839 3441 932 3519 igitur
955 3440 1002 3501 die
1022 3443 1076 3501 XX
1095 3444 1238 3504 Eleusina
1256 3445 1410 3504 advenisse
1429 3447 1583 3505 statueret
1703 3455 1704 3492 ἒ

362 3563 388 3600 1.
411 3544 451 3600 27
463 3561 527 3618 sqq.
551 3542 703 3600 restitutio
733 3539 828 3598 adhuc
856 3539 994 3616 expedita
1017 3560 1076 3600 uon
1100 3536 1203 3624 estu),
1231 3543 1390 3620 praecipue
1417 3543 1583 3604 infinitivus
1703 3529 1704 3550 ³

273 3641 368 3700 futuri
391 3636 526 3719 μεθέξειν
550 3657 609 3717 quo
632 3637 720 3698 modo
745 3640 911 3697 structurae
936 3641 1085 3698 enuntiati
1113 3641 1285 3701 inserendus
1313 3644 1362 3716 sit,
1391 3660 1451 3701 non
1479 3643 1583 3718 liquet.
1703 3697 1704 3710 ,

274 3737 398 3799 Summa
421 3738 590 3816 argumenti
620 3740 720 3797 tamen
749 3737 919 3813 perspicua:
947 3737 1049 3815 agitur
1076 3739 1112 3798 de
1135 3740 1322 3800 caerimoniis
1350 3742 1383 3798 iu
1409 3760 1520 3816 pompa
1543 3740 1582 3800 ad

364 3959 389 4024 6)
409 3972 469 4008 mos
488 3955 563 4008 euim
582 3955 643 4008 erat
660 3955 693 4008 ut
711 3952 838 4010 homines
858 3951 944 4006 sacris
963 3953 1074 4008 obviam
1093 3954 1174 4022 irent,
1194 3955 1228 4010 cf.
1248 3954 1312 4024 Lys.
1331 3955 1361 4009 in
1379 3955 1452 4011 And.
1467 3961 1510 4010 ⁶2.

363 4037 390 4104 7)
409 4035 442 4088 cf.
458 4033 544 4089 etiam
560 4035 579 4088 l
583 4035 609 4089 G
622 4033 648 4087 H
662 4033 754 4104 suppl.
770 4053 796 4090 n.
807 4042 881 4091 tlte
896 4039 999 4105 p.143;
1019 4036 1142 4088 ceterum
1160 4033 1217 4089 iam
1232 4038 1351 4092 exeunte
1361 4035 1454 4090 IVvel
1467 4035 1583 4092 ineunte

273 4113 311 4167 Ill
330 4129 401 4169 saec.
421 4131 533 4169 currum
552 4113 712 4168 adhibitum
731 4132 792 4170 esse
810 4115 966 4187 probabile,
985 4115 1041 4168 vid.
1061 4113 1144 4169 Psuhl
1163 4115 1180 4170 1.
1198 4133 1219 4172 c.
1239 4134 1266 4186 p.
1282 4121 1324 4182 37,
1336 4121 1360 4170 3.

363 4195 389 4263 8)
408 4194 482 4248 hunc
501 4194 576 4249 diem
595 4196 707 4250 nomine
722 4195 784 4264 ἱερὰ
798 4199 882 4264 δεῦρο
897 4195 1050 4266 significari
1065 4195 1179 4250 solitum
1195 4213 1255 4250 esse
1270 4213 1285 4251 e
1299 4196 1430 4252 Philostr.
1440 4197 1473 4251 V.
1488 4197 1582 4267 Apoll.

272 4273 705 4344 resupinacaelum
728 4277 824 4330 studui
849 4278 948 4332 Rteia.
969 4277 1043 4331 Meas.
1066 4281 1134 4330 1001
1160 4295 1187 4346 p.
1203 4281 1339 4347 498sqq.,
1363 4278 1413 4333 sed
1439 4277 1474 4333 cf.
1494 4279 1583 4333 etiam

274 4371 347 4424 quae
365 4357 525 4425 nuperrime
545 4358 643 4410 contra
662 4356 818 4426 disputavit
836 4357 1013 4426 Pringeheim
1032 4358 1049 4412 1.
1064 4375 1085 4411 c.
1105 4374 1132 4426 p.
1148 4363 1182 4410 42
1193 4375 1253 4427 sqq.

337 4436 544 4512 Ι1011111111
562 4453 664 4491 nomen
688 4437 937 4507 apud‘scriptcres
961 4435 1078 4508 legitur,
1104 4453 1166 4491 cum
1190 4437 1268 4492 tituli
1292 4455 1387 4493 omnes
1413 4438 1583 4509 scripturam

274 4515 432 4584 φαιὸυντής
449 4517 617 4586 praebeant,
644 4515 677 4570 cf.
698 4517 897 4587 Dittenberger
914 4517 1029 4573 Hermes
1048 4517 1059 4570 1
1078 4537 1104 4588 p.
1120 4523 1172 4572 400
1197 4521 1225 4572 et
1244 4518 1370 4573 Solmsen
1390 4519 1489 4574 Rbeia.
1505 4509 1582 4576 llius.

273 4594 335 4649 LIV
349 4615 375 4666 p.
391 4603 452 4651 495.
490 4597 531 4651 De
550 4613 664 4651 munere
684 4597 718 4651 cf.
739 4599 917 4668 potissimum
935 4597 1056 4652 Foucart
1075 4599 1091 4652 l.
1107 4617 1127 4653 c.
1147 4617 1173 4669 p.
1190 4605 1223 4653 59
1234 4615 1274 4667 sq.

346 4679 388 4744 10)
408 4675 443 4730 cf.
463 4676 498 4730 de
518 4693 551 4730 ea
570 4678 601 4730 A.
621 4677 776 4732 Mommsen
795 4681 876 4734 Ferte
893 4697 920 4749 p.
935 4683 1067 4748 222sqq,
1087 4678 1172 4733 Pluhl
1191 4681 1224 4734 de
1238 4681 1349 4750 pompis
1367 4699 1393 4750 p.
1410 4685 1443 4735 39
1454 4698 1514 4750 sqq.

346 4757 389 4826 11)
408 4755 491 4810 initio
510 4756 579 4812 satis
597 4757 680 4811 focile
700 4759 849 4828 suppletur
867 4759 951 4831 ἐτι[11]
971 4761 1015 4832 elsi
1034 4759 1229 4828 apodicticis
1248 4760 1378 4833 &pellicco
1401 4764 1430 4817 et
1448 4760 1491 4816 ita
1514 4760 1583 4816 clim

273 4835 480 4908 Dittenberger,
499 4837 548 4892 sed
563 4839 702 4907 quomodo
717 4842 778 4893 tum
796 4840 924 4910 proxima
941 4840 1044 4894 lacuna
1062 4841 1237 4895 restituenda
1256 4841 1301 4910 sit,
1321 4842 1483 4910 obscurum
1502 4841 1582 4897 Dttb.

272 4917 333 4988 ipse
353 4935 426 4972 nunc
448 4918 478 4972 in
498 4917 565 4987 Syll.
585 4918 675 4973 solum
695 4918 780 4992 11411]
799 4919 844 4993 δ[1
861 4921 974 4988 retinet,
994 4938 1026 4975 ac
1044 4937 1080 4974 ne
1099 4922 1151 4975 hoc
1171 4922 1284 4994 quidem
1305 4925 1412 4978 certum
1431 4922 1510 4978 duco.
