3426 5462
691 335 847 391 ΑΤΤΙΟΑΕ
866 353 892 390 n.
909 343 941 390 13
1424 336 1465 400 57

210 505 310 588 μένοι,
333 501 553 587 ἀναγράφω)
572 502 591 566 ὀ
610 503 811 580 γραμματεὺς
831 502 849 565 ὀ
869 501 921 566 ric
946 501 1039 580 βολὲε
1063 502 1098 565 ἐν
1118 503 1217 566 (τέλει
1240 502 1348 566 λιθίνει
1372 523 1466 566 κατα-

209 611 285 676 θέτο
310 609 345 674 ἐν
369 608 418 674 τὸι
444 607 576 693 Νελεὶ)οι
605 608 693 687 παρὰ
721 608 760 672 τὰ
787 605 916 690 ἴκριαδ)
945 608 975 674 οἰ
1003 611 1039 673 δὲ
1067 609 1254 687 κολακρέται
1283 610 1402 674 δόντον
1429 609 1467 672 τὸ

211 717 367 796 ἀργύριον
391 716 424 780 ἐ(
447 719 555 780 ταῦτα.

300 821 409 901 urceos
438 824 473 886 δὲ
501 823 559 886 τὸν
589 821 717 901 ductito
745 822 783 886 τὸ
810 823 942 901 τέμενοε
970 820 1008 887 rb
1033 824 1151 888 Νελέο(
1179 825 1230 889 καὶ
1257 823 1310 888 τέ(
1339 821 1468 888 Βαειλὲε

153 948 191 995 30
210 931 291 995 κατὰ
313 928 322 1007 ti
345 929 434 994 τάδε·
463 929 520 994 τὸν
548 928 777 1007 μιεθοεάμενον
804 925 913 1008 ἔρχεαι
942 931 999 1006 μὲν
1022 930 1060 993 τὸ
1088 929 1199 1008 ὴιερὸν
1227 928 1265 995 cd
1290 930 1394 1009 Κόδρο
1417 931 1468 994 καὶ

211 1038 249 1103 ro
274 1036 402 1122 ΝελέΙοε
424 1038 476 1101 καὶ
499 1035 551 1101 ric
576 1037 705 1101 Βαείλεε
728 1037 889 1101 κατὰτὰ(
913 1039 1119 1116 χευνγραφὰ(
1143 1037 1195 1102 ἐπὶ
1222 1036 1274 1101 ric
1299 1037 1393 1116 βολὲε
1416 1035 1468 1101 ric

213 1144 363 1230 εἰειόεΙεε,
392 1145 430 1208 τὸ
458 1146 494 1208 δὲ
522 1139 744 1229 τ[ε’](μ)ενο[ε]
772 1142 810 1208 τὸ
835 1145 954 1208 Νελέοε
977 1145 1028 1208 καὶ
1055 1143 1107 1209 ric
1132 1145 1261 1209 Βαείλεε
1289 1145 1368 1208 κατὰ
1392 1143 1468 1208 τάδε

213 1252 410 1331 ἐργάζεεθαι·
423 1248 427 1338 Ι
439 1255 593 1331 φυτεῦεαι
612 1252 804 1330 φυτευτέρια
823 1250 920 1315 thado
941 1254 979 1329 μὲ
1003 1251 1116 1318 ὄλεζον
1136 1253 1151 1316 ἓ
1171 1251 1321 1328 διακόεια,
1345 1251 1469 1316 πλέονα

211 1362 246 1424 δὲ
275 1359 333 1424 ἐὰν
362 1356 512 1443 didisset,
543 1359 595 1422 καὶ
622 1356 675 1422 ric
702 1357 810 1437 τάφρο
838 1361 889 1422 καὶ
917 1358 954 1422 τδ
982 1357 1100 1425 ὕδατοε
1127 1357 1243 1438 κρατὲν
1266 1358 1304 1424 sd
1328 1359 1365 1435 ἐγ
1388 1359 1469 1424 Διὸ(

153 1485 191 1532 ae
210 1469 268 1532 τὸν
288 1461 543 1551 μιεθοεάῖῐμενον,
563 1465 685 1531 ὀπόεον
709 1466 801 1531 ἐντὸς
823 1465 872 1544 ῥεῖ
893 1466 931 1532 τὸ
950 1466 1103 1532 Διονυείο
1123 1469 1174 1531 καὶ
1195 1466 1252 1532 τόν
1271 1465 1385 1543 πυλὸν,
1404 1463 1468 1548 ε’[ι]

212 1573 312 1639 ἅλαδε
336 1568 634 1660 ἐ[χ]εελα)ύνοειν“)
663 1572 693 1639 οἰ
717 1573 840 1653 μύεται,
872 1576 922 1638 καὶ
946 1574 1068 1640 ὀπόεον
1093 1575 1185 1639 ἐντὸε
1207 1573 1260 1639 τὲε
1288 1573 1388 1638 οἰκία(
1416 1572 1469 1638 ric

214 1681 361 1761 δεμαείαε
389 1682 440 1746 καὶ
463 1679 530 1768 τ)ὃν
558 1680 671 1757 πυλὸν,
702 1681 734 1745 αἲ
764 1681 815 1746 ἐπὶ
843 1682 880 1746 τὸ
908 1681 1078 1761 Ἰεθμονίκο
1108 1685 1279 1762 βαλανεῖον
1308 1681 1468 1761 ereccon·

215 1789 324 1869 μιεθόν
348 1791 384 1853 δὲ
407 1788 488 1852 κατὰ
509 1788 513 1872 Ι
534 1787 630 1853 sinoce
654 1787 736 1854 ἐτόν.

250 1937 348 1996 Tituli
360 1936 460 1996 verbis
479 1936 705 2015 distinguuntur
723 1938 834 2012 sanum,
853 1936 932 2013 quod
946 1941 1071 1998 vocatur
1084 1934 1202 2015 τέμενος
1216 1945 1269 1997 τοῦ
1283 1934 1407 2014 Νηλέως
1420 1934 1471 1996 καὶ

155 2045 211 2115 τῆς
230 2035 360 2112 Βασίλης
378 2035 425 2095 vel
448 2034 625 2110 simpliciter
639 2037 770 2112 Νηλεῑον
789 2027 831 2116 (v.
847 2027 913 2116 27),
936 2038 966 2095 et
989 2037 1131 2095 sacellum
1154 2039 1252 2112 ipsum
1275 2038 1307 2096 in
1325 2037 1381 2096 hoc
1399 2037 1469 2095 fano

156 2136 265 2209 sitnm,
294 2133 375 2209 quod
397 2135 521 2193 vocatur
549 2130 628 2213 ἱερὸν
655 2141 708 2192 τοῦ
730 2131 851 2212 Κόδρου
878 2131 928 2192 καὶ
955 2142 1008 2194 τοῦ
1032 2131 1156 2212 Νηλέως
1182 2131 1232 2193 καὶ
1259 2143 1311 2213 τῆς
1333 2133 1469 2210 Βασίλης,

156 2232 245 2302 Quod
263 2231 323 2292 nisi
341 2233 418 2291 forte
433 2249 505 2290 casu
523 2232 636 2291 iactum
654 2234 753 2308 putas,
773 2231 885 2292 Codrus
904 2234 967 2291 feni
985 2252 1088 2310 expers
1108 2233 1173 2292 fuit.
1206 2232 1290 2292 Unde
1309 2233 1469 2292 manifesto

158 2333 288 2408 apparet
307 2331 410 2390 fanum
429 2331 539 2390 sacello
558 2331 611 2389 illo
626 2329 780 2406 antiquius
797 2331 889 2390 inisse
904 2332 935 2389 et
952 2331 1116 2390 rectissime
1125 2331 1326 2390 Wilamowitz
1341 2329 1469 2391 Codrum

158 2449 179 2490 a
198 2431 329 2508 genuina
346 2428 575 2489 Atheniensium
597 2429 742 2488 memoria
765 2428 897 2487 alienum
919 2431 1024 2505 postea
1047 2429 1165 2489 demum
1183 2431 1214 2488 in
1234 2429 1470 2488 communionem

156 2527 247 2587 Nelei
271 2530 301 2587 et
318 2526 438 2587 Basilae
457 2528 605 2586 intrusum
624 2545 687 2587 esse
705 2526 859 2600 iudicavit,
881 2527 935 2587 illo
958 2546 1064 2603 nempe
1082 2531 1224 2603 tempore,
1248 2546 1306 2604 quo
1325 2528 1372 2587 his
1391 2525 1470 2605 ἱερόν

156 2625 328 2685 dedicatum
346 2627 399 2685 est.
431 2625 496 2684 Iam
511 2645 581 2686 vero
595 2626 673 2684 hunc
686 2625 811 2684 Neleum
826 2645 885 2684 non
900 2626 991 2686 fuisse
1005 2629 1040 2684 ut
1054 2645 1154 2686 omnes
1168 2629 1357 2702 putaverant,
1372 2628 1470 2684 ortum

156 2725 247 2783 illum
266 2744 281 2782 e
300 2727 387 2803 gente
406 2723 489 2802 regia
512 2724 616 2783 Attica
637 2723 774 2799 interque
797 2722 867 2783 deos
890 2724 1018 2784 relatum
1037 2743 1090 2782 nec
1108 2723 1240 2802 Βασίλην
1257 2724 1352 2800 ipsius
1371 2725 1470 2802 regiae

156 2823 318 2899 potcstatis
350 2842 474 2896 numen,
504 2822 556 2882 sed
583 2821 674 2881 fuisse
702 2822 799 2882 nullos
833 2823 907 2882 alios
940 2821 1054 2900 origine
1086 2823 1145 2882 nisi
1176 2823 1340 2882 inferorum
1370 2842 1471 2900 regem

156 2925 190 2980 et
216 2921 351 3000 reginam
379 2921 550 2998 anaglypho
579 2919 703 2980 Athenis
731 2924 849 2996 reperto
858 2911 897 3001 ⁷),
930 2923 961 2980 in
995 2939 1052 2996 quo
1078 2915 1199 3001 Ἔχελος
1229 2923 1471 2996 repraesentatur

155 3018 291 3096 Βασίλην
310 3037 399 3078 curru
418 3019 564 3093 auferens,
583 3021 671 3078 acute
689 3017 900 3078 intellexerunt
918 3019 952 3078 E.
967 3019 1069 3095 Meyer
1087 3022 1117 3078 et
1136 3011 1329 3099 0.R0bert.⁸)
1361 3019 1471 3080 Postea

157 3137 231 3178 sane
263 3119 345 3193 ipsos
373 3117 570 3176 Athenienses
603 3116 755 3193 propriam
787 3119 918 3177 numinis
950 3118 1104 3193 utriusque
1133 3119 1194 3176 vim
1226 3117 1335 3176 oblitos
1363 3135 1426 3178 esse
1453 3137 1468 3176 e

158 3215 250 3275 Codri
274 3215 366 3275 sacris
390 3215 538 3274 adiunctis
562 3215 645 3274 Dttb.
665 3233 719 3274 suo
741 3216 806 3275 inre
829 3215 958 3294 collegit.

248 3313 314 3372 Iam
332 3313 388 3372 hoc
412 3313 559 3373 decretum
586 3311 741 3392 στοιχηδὸν
761 3314 938 3389 inscriptum
958 3314 1097 3374 archonte
1117 3315 1301 3390 Antiphonte
1320 3333 1345 3372 a.
1361 3334 1387 3374 a.
1402 3313 1470 3374 Chr.

156 3433 187 3472 n.
209 3407 304 3490 41ss?
331 3411 366 3470 de
389 3411 482 3470 fundo
506 3429 589 3471 sacro
613 3413 676 3471 fani
698 3410 823 3472 locando
847 3416 877 3471 ct
904 3413 939 3470 de
963 3413 1071 3472 sacello
1093 3413 1147 3472 illo
1172 3412 1335 3489 saepiundo
1358 3414 1472 3473 factum

158 3515 214 3571 est
248 3509 297 3569 Ita
315 3513 415 3570 auum
434 3528 481 3569 res
501 3513 569 3570 acta
582 3509 709 3586 videtur,
726 3513 762 3569 ut
778 3513 910 3587 primum
923 3515 1102 3590 συγγραφεῖς
1120 3529 1164 3586 ea,
1183 3529 1259 3587 qnae
1273 3509 1371 3570 adres
1390 3513 1471 3588 ipsas

159 3606 361 3686 pertinebant,
384 3607 612 3682 conscriberent,
635 3627 673 3668 sc.
699 3607 807 3684 quibus
826 3609 1048 3668 condicionibus
1068 3628 1139 3686 ager
1156 3608 1299 3669 locandus
1318 3609 1472 3683 coleretur,

158 3707 305 3767 sacellum
334 3707 508 3782 saepiretur.
560 3707 635 3765 Tum
664 3709 783 3766 senatus
815 3711 938 3785 rogante
966 3707 1079 3766 Adusio
1110 3707 1270 3766 secundum
1298 3707 1472 3787 συνγραφάς

158 3825 262 3866 eorum
286 3804 417 3864 decrerit
435 3797 477 3886 (v.
498 3797 600 3885 4-5)
618 3807 732 3882 paucis,
755 3823 832 3880 quae
855 3805 890 3864 de
914 3805 1034 3881 publica
1051 3806 1095 3863 rei
1114 3805 1372 3866 administratione
1392 3806 1470 3867 vide-

157 3904 285 3976 bantur,
313 3901 424 3963 additis
448 3895 489 3983 (v.
510 3896 643 3984 5-10).
688 3902 820 3980 Populus
847 3921 918 3962 vero
946 3907 1065 3962 senatus
1094 3903 1261 3962 consultum
1289 3907 1387 3964 ratum
1411 3923 1472 3964 non

159 4004 235 4062 feeit
257 4000 418 4076 eodemque
441 4003 567 4078 rogante
585 3999 699 4060 Adusio
722 4006 752 4060 et
773 4001 889 4060 minora
913 4001 1060 4077 quaedam
1083 4003 1213 4062 mutavit
1236 4005 1274 4077 et,
1298 4021 1364 4062 cum
1387 4021 1471 4063 sena·

158 4105 210 4160 tus
234 4101 343 4160 aerarii
365 4099 442 4158 sacri
466 4098 633 4176 sumptibus
657 4101 799 4160 sacellum
823 4100 1018 4176 saepinndum
1042 4102 1204 4160 censuisset
1227 4093 1268 4182 (v.
1289 4095 1384 4183 8sq.),
1407 4103 1471 4178 ipse

251 4289 278 4357 5)
300 4287 429 4344 ‘cancelli
449 4287 601 4358 significari
621 4287 751 4343 videntur
769 4288 871 4358 quibus
891 4288 1039 4343 delubrum
1059 4287 1156 4359 (ἱερόν)
1177 4306 1193 4342 a
1211 4288 1321 4358 reliqua
1340 4307 1405 4344 area
1420 4288 1471 4360 (τέ-

158 4369 441 4439 psvoe)1eparatur.’
479 4368 558 4423 Dttb.

250 4451 278 4518 e)
297 4447 469 4520 sapphwh,
489 4448 684 4522 a[l]oetuo'vom
697 4448 777 4504 Kum.
789 4453 818 4503 et
836 4453 934 4504 contra
953 4466 1065 4506 sensnm
1083 4450 1113 4504 et
1126 4450 1281 4519 scripturae
1296 4453 1355 4504 tum
1370 4451 1470 4521 legem.

252 4533 278 4600 7)
297 4529 332 4584 cf.
348 4527 413 4599 Ἐφ.
426 4527 495 4602 'App
512 4535 582 4584 laea
600 4549 628 4600 p.
645 4534 695 4584 129
704 4547 764 4599 sqq.
782 4529 838 4584 tab.
854 4529 901 4584 xl.

251 4617 279 4680 8)
299 4613 411 4666 Hermes
429 4609 505 4664 XXX
522 4629 550 4680 p.
567 4615 631 4675 28⁶3
655 4609 772 4665 alterum
793 4610 943 4681 vestigium
961 4611 1036 4681 ragis
1055 4611 1207 4666 inferorum
1230 4612 1342 4666 nominc
1362 4612 1471 4681 Νηλεύς

158 4691 231 4746 culti
250 4707 284 4746 ex
303 4690 347 4759 iis,
366 4706 439 4761 qnae
453 4690 590 4746 Homerus
610 4691 644 4744 de
658 4689 787 4745 Herculis
806 4693 904 4746 contra
917 4690 1017 4760 Pylum
1037 4691 1213 4761 expeditione
1232 4692 1321 4747 tradit
1336 4695 1356 4746 Ε
1372 4697 1422 4746 397
1443 4697 1472 4746 et

158 4775 182 4826 Λ
202 4777 255 4827 690
266 4789 320 4840 sq.,
344 4772 457 4842 egregio
481 4772 610 4826 acumine
633 4771 769 4840 patefecit
787 4770 893 4827 Usener
911 4772 985 4840 διο)
1003 4773 1050 4827 des
1067 4773 1164 4843 erioch.
1181 4773 1259 4842 Epor
1277 4772 1469 4844 (Sitzaogsher.

159 4853 187 4906 d.
197 4853 310 4907 Wiener
324 4851 414 4908 ehad.
432 4855 511 4923 1897)
530 4871 557 4922 p.
573 4857 607 4906 29
618 4869 657 4920 sq.
697 4853 806 4922 Νηλεύς
824 4853 854 4906 in
871 4852 925 4907 hoe
949 4869 1054 4908 conexu
1073 4869 1128 4907 non
1143 4879 1175 4898 =
1192 4851 1304 4922 νηλεής,
1322 4854 1372 4908 sed
1390 4853 1471 4922 niger

159 4933 231 4988 deus
250 4933 361 4998 dicitnr,
382 4933 456 4988 sicut
476 4935 576 4996 Νεῖλος
593 4931 693 4986 fluvius
712 4933 800 5003 niger,
820 4932 854 4990 cf.
876 4931 989 5003 Gruppe
1010 4933 1116 4990 Graeca.
1133 4933 1248 5006 Mythcl.
1268 4951 1295 5006 p.
1312 4939 1372 4999 153,
1385 4941 1407 4988 1.
