3434 5464
661 246 797 302 Pleias
815 265 841 301 n.
859 253 918 304 1ce.
939 253 989 302 ior
1416 249 1482 314 237

170 420 293 476 tuerunt
320 408 449 498 certe⁹)‚
476 435 530 476 nec
558 435 628 476 vero
656 415 780 476 dubium
807 420 865 492 est,
896 417 968 493 quin
996 416 1108 476 fuerint
1134 418 1230 477 multo
1253 418 1341 495 plura
1369 419 1483 496 templa

169 514 317 576 eiusmodi
339 515 455 594 legibus
478 516 603 588 munita,
626 534 717 591 quam
740 514 825 574 nobIs
849 532 919 574 casu
943 518 1062 593 cognita
1086 519 1164 575 sunt.
1210 515 1274 574 Iam
1297 519 1332 576 ut
1359 516 1413 576 hes
1435 536 1481 576 re·

169 615 309 674 centioris
333 613 441 673 aetatis
465 613 648 672 exclusiones
662 613 803 673 Eleorum
822 615 853 672 et
869 612 1139 688 Lampsacenorum
1158 614 1360 674 simultatibus
1383 613 1483 691 publi·

169 713 211 770 cis
235 711 369 771 deberis
388 711 581 787 scriptoribus
607 711 696 769 facile
719 711 813 770 stetui
834 713 943 786 potest,
966 710 1010 769 ita
1029 713 1121 770 etiam
1143 713 1175 770 in
1194 711 1255 772 illis
1273 711 1482 772 reconditioris

169 810 361 886 antiquitatis
386 811 415 868 et
437 809 592 887 religionis
615 807 731 886 legibus
754 809 928 868 memoriam
951 807 1146 884 pristinorum
1169 810 1380 884 certaminum,
1403 829 1482 887 quae

168 907 307 988 gentibus
336 906 517 968 Graecorum
545 906 720 966 adventiciis
747 907 935 982 potissimum
965 925 1032 966 cum
1063 907 1211 985 indigenIs
1236 911 1335 982 erant,
1367 909 1482 968 servari

167 1024 344 1082 persuasum
370 1004 480 1079 habeo,
507 1005 591 1064 velut
617 1008 652 1064 ut
679 1003 714 1062 de
742 1004 872 1064 Doribus
900 1007 1030 1079 taceam,
1060 1003 1289 1082 Amphiaraum,
1322 1008 1481 1082 antiquum

167 1107 265 1164 terrae
293 1101 423 1180 Oropiae
451 1103 603 1163 dominum
631 1102 780 1177 divInum,
807 1101 955 1161 Thebanis
984 1101 1106 1162 oracula
1132 1121 1268 1162 recusare
1296 1105 1341 1162 ite
1368 1106 1481 1180 optime

169 1202 312 1278 explicari
334 1204 441 1278 potest.
450 1194 488 1282 10)

255 1316 292 1376 V.
314 1320 331 1376 2
356 1318 566 1393 interpretatio
590 1319 620 1375 et
642 1317 793 1376 restitutio
817 1316 914 1374 edhuo
937 1316 1076 1392 expedita
1097 1335 1158 1376 non
1181 1321 1233 1376 est.
1271 1316 1380 1392 Unum,
1400 1318 1480 1394 quod

167 1419 280 1474 certum
300 1415 420 1474 videtur
439 1418 469 1474 et
487 1416 576 1491 quasi
593 1413 822 1473 fundamentum
841 1415 1098 1490 interpretationis
1116 1413 1294 1489 habendum,
1312 1415 1388 1474 illud
1406 1413 1483 1498 ἀστῷ

167 1517 224 1588 est,
257 1514 367 1589 quippe
396 1512 475 1589 quod
503 1531 590 1572 nemo
624 1511 662 1572 ad
689 1531 792 1571 vocem
820 1514 1004 1588 superiorem
1030 1509 1105 1596 ξένῳ
1132 1516 1247 1590 Δωριῆι
1274 1531 1333 1572 non
1360 1514 1480 1572 referat.

167 1609 278 1670 Contra
300 1609 354 1669 illo
376 1601 530 1684 ΚΩΡΗΙ,
553 1610 624 1669 lieet
645 1602 682 1669 Ω
707 1610 756 1669 hie
778 1609 888 1669 litteris
911 1631 948 1670 ov
971 1609 1228 1671 transcribendum
1251 1629 1314 1670 esse
1338 1611 1482 1671 conceda-

165 1727 241 1782 mus,
262 1711 364 1768 tamen
387 1712 489 1767 utrum
507 1706 631 1788 Κούρης
653 1707 773 1766 divinae
791 1727 900 1766 nomen
924 1708 1019 1767 lateat
1042 1727 1082 1768 an
1100 1710 1230 1786 virgmes
1249 1708 1355 1768 Parias
1379 1709 1480 1769 dican·

165 1811 228 1882 tur,
256 1806 403 1866 incertum
431 1823 494 1866 esse
522 1808 583 1864 ism
606 1805 809 1865 Wilamowitn
837 1805 918 1881 apud
945 1805 1094 1864 Hillerum
1121 1807 1238 1866 monuit
1267 1809 1297 1866 et
1324 1825 1348 1865 e.
1368 1827 1396 1885 g.
1421 1806 1481 1867 duo

165 1905 368 1965 diversissima
391 1901 602 1980 supplementa
623 1905 792 1980 proposuit:
821 1907 875 1962 aut
902 1897 1003 1982 [cte
1030 1906 1123 1978 fertus
1146 1905 1263 1978 aliquas
1290 1895 1447 1986 κο(ύ)ρωι]
1474 1899 1478 1985 Ι

165 1999 232 2062 οὔτε
251 2006 292 2062 A.
309 2025 380 2062 onoc
397 1993 534 2084 κο(ύ)ρηι
553 1997 643 2060 ἀστῶν
662 1996 790 2080 dhissere
809 2034 851 2042 —
872 1994 929 2080 -]
953 2004 1008 2060 aut
1027 1995 1128 2080 [elisa
1146 2005 1239 2076 festas
1257 2003 1328 2062 deae
1346 1996 1451 2082 alicui]
1473 1996 1479 2083 Ι

165 2097 231 2161 οὔτε
246 2104 287 2160 Δ.
305 2108 375 2160 ,ῶια
389 2092 538 2182 Κο(ύ)ρηι
561 2095 651 2158 dardos
673 2096 815 2178 ἔ[χσεστι;
839 2102 969 2172 sequiIur
993 2103 1140 2159 συντελεῖν
1164 2101 1209 2160 vel
1233 2101 1327 2161 sicaile
1350 2101 1480 2160 verbum.

165 2197 367 2258 Wilamowitz
382 2199 461 2256 enim
475 2215 570 2272 aeque
581 2199 671 2273 atque
680 2197 778 2257 Hiller
791 2199 855 2273 ipse
870 2197 978 2256 litteris
994 2196 1100 2256 δ..ωια
1115 2199 1256 2257 feriarum
1267 2217 1374 2257 nomen
1383 2199 1479 2258 latere

164 2289 372 2378 exmimatss),
388 2295 439 2354 sed
453 2295 501 2354 vel
511 2295 550 2368 id,
561 2297 698 2370 quamvis
717 2298 758 2355 sit
771 2297 836 2354 veri
850 2295 956 2369 simile,
975 2296 1146 2371 scrupulum
1157 2295 1230 2354 mihi
1246 2299 1481 2373 movetprcpter

164 2411 266 2452 casum
290 2395 505 2467 accusativum
532 2411 603 2450 nam
626 2396 774 2452 συντελεῖν
797 2394 845 2452 vel
873 2393 970 2452 simile
993 2393 1125 2470 verbum,
1154 2393 1234 2470 quod
1257 2398 1392 2453 secutum
1415 2413 1478 2455 esse

162 2491 225 2552 illis
253 2492 418 2550 necessario
446 2490 637 2551 statuendum
665 2494 723 2564 est,
752 2509 819 2550 cum
846 2491 1022 2551 brevissima
1048 2491 1155 2550 talium
1183 2491 1282 2570 legum
1311 2491 1479 2552 elocutione

163 2607 270 2665 parum
294 2591 450 2649 convenire
473 2589 548 2647 mihi
566 2587 694 2647 ridetur.
731 2587 844 2664 Utique
867 2591 903 2647 ut
926 2607 1004 2648 nunc
1027 2607 1074 2648 res
1097 2592 1151 2663 est,
1174 2589 1251 2648 hanc
1270 2589 1361 2650 fuisse
1380 2591 1477 2669 legem

164 2687 392 2764 Thesmophorii
415 2677 645 2768 celeberrimiff)
669 2685 827 2746 Pariorum
850 2687 990 2764 colligere
1013 2687 1174 2746 nonlicet.

254 3105 321 3161 107.
355 3105 433 3159 Stela
452 3123 468 3158 a
488 3104 601 3159 sinistra
621 3107 649 3159 et
668 3106 810 3174 superiore
828 3109 909 3175 perte
931 3104 1031 3171 fracta,
1054 3105 1168 3160 invente
1186 3105 1265 3159 Peri
1288 3106 1365 3176 apud
1384 3105 1477 3160 vicum

161 3185 317 3255 Μάρμαρα,
336 3203 411 3239 nunc
430 3185 459 3238 in
478 3186 540 3239 vico
559 3183 667 3254 Kquide
685 3186 715 3238 in
735 3184 832 3239 limine
857 3201 945 3240 cesae.
984 3185 1054 3239 Edd.
1074 3185 1176 3254 Loewy
1194 3187 1379 3256 Aret-epipr¹
1398 3187 1475 3241 Mitt.

161 3287 187 3322 a.
205 3267 273 3322 Oest.
288 3265 326 3318 XI
341 3267 433 3335 (1887)
450 3283 478 3334 p.
496 3271 613 3335 lsstsqq.
632 3284 658 3319 n.
675 3270 700 3330 2,
719 3265 872 3319 Hoffmann
892 3265 999 3320 Griech.
1014 3266 1093 3320 Dias.
1108 3265 1146 3319 IH
1164 3284 1191 3336 p.
1207 3271 1240 3318 33
1259 3283 1286 3319 n·
1302 3270 1345 3332 65,
1364 3265 1477 3320 Ditten-

161 3347 262 3418 berger
276 3345 358 3418 Syn!
373 3350 434 3413 569,
453 3345 544 3399 Hiller
563 3346 597 3399 de
612 3344 782 3416 Gartringen
802 3348 903 3415 ectypo
922 3363 989 3400 usus
1008 3344 1191 3400 Rubensohni
1210 3348 1231 3400 Ι
1235 3346 1260 3400 G
1275 3345 1325 3398 XII
1339 3349 1355 3398 5
1370 3363 1397 3398 n.
1414 3350 1474 3398 108.

161 3426 201 3481 Cf.
222 3429 369 3497 praeterea
388 3425 489 3480 Szanto
506 3427 591 3481 MAI
600 3425 652 3479 XV
665 3443 692 3495 p,
709 3431 742 3479 'lb
762 3425 825 3480 adn.
843 3432 856 3478 1
878 3429 906 3479 et
922 3424 1056 3479 Wilhelm
1073 3427 1253 3498 Aret-epiph
1270 3427 1346 3480 Mic.
1362 3444 1387 3481 a.
1405 3426 1475 3481 Oeat.

161 3507 212 3560 XV
230 3526 258 3577 p.
276 3513 358 3574 llsq.
378 3508 407 3560 ct
424 3525 451 3575 p.
469 3511 527 3559 110.

232 3821 258 3888 9)
287 3817 399 3873 Lobeclr
417 3833 453 3872 ne
472 3817 599 3872 Achaeos
618 3817 732 3886 quidem
751 3817 868 3872 Helicen
891 3817 1045 3873 incolentes
1064 3817 1192 3884 lenibus,
1215 3820 1248 3871 ut
1271 3835 1321 3871 suo
1340 3816 1474 3886 Neptune

159 3897 307 3953 Heliconio
323 3897 520 3962 sacrificarent,
535 3899 705 3952 concessisse
719 3916 734 3951 e
748 3897 829 3952 Diod.
845 3897 897 3952 XV
905 3903 940 3952 49
956 3897 1079 3969 collegit,
1094 3898 1192 3952 sedes.
1208 3897 1349 3951 Paus.VII
1364 3901 1429 3964 24,5
1444 3900 1477 3951 et

159 3979 249 4034 §trah
265 3977 329 4032 VHI
344 3985 369 4044 7,
380 3985 404 4044 2,
423 3978 473 4046 qui
492 3978 527 4032 dc
547 3977 682 4032 sacrificio
702 3977 774 4032 nihil
794 3978 899 4033 dicunt.

232 4079 276 4146 10)
304 4074 349 4130 vel
362 4077 392 4130 in
406 4077 451 4144 iis,
470 4091 542 4145 quac
557 4075 715 4131 Herodotus
730 4075 889 4146 explicandi
905 4093 989 4131 causa
1004 4075 1094 4144 affert,
1109 4076 1162 4131 etei
1177 4074 1341 4143 ceteroquin
1354 4077 1475 4143 veteres,

159 4174 224 4210 cum
242 4157 298 4226 ipsi
317 4173 415 4210 causas
434 4173 527 4211 rerum
547 4171 688 4210 sacrarum
702 4159 832 4227 tangunt,
851 4155 955 4210 fabulis
975 4171 1023 4212 eas
1042 4156 1189 4226 implicent
1207 4155 1302 4226 potius
1321 4172 1407 4224 quam
1426 4171 1472 4209 ex·

157 4237 280 4307 plicant,
304 4237 424 4308 vestigia
441 4237 500 4291 veri
519 4235 658 4305 quaedem
677 4235 848 4307 deprendere
867 4236 938 4290 mihi
956 4235 1064 4301 videon
1084 4235 1155 4288 dicit
1173 4235 1249 4288 enim
1267 4233 1317 4288 ille
1335 4233 1399 4288 VIII
1419 4240 1472 4288 134

158 4317 362 4387 Amphiaraum
377 4316 518 4372 Thebanis
537 4316 698 4386 permisisse
717 4316 809 4388 ἑωυτῷ
825 4313 842 4385 ἣ
857 4315 904 4371 ἅτε
923 4315 1008 4386 μάντι
1025 4311 1184 4388 wacharii
1201 4313 1249 4369 ἅτε
1268 4311 1402 4388 συμμάχῳ
1420 4322 1473 4369 τοῦ

160 4395 256 4464 ἑτέρον
275 4395 477 4468 ἀπεχομένους·
497 4396 524 4451 ol
544 4396 576 4452 δὲ
595 4394 740 4468 σύμμαχόν
758 4416 806 4466 μιν
825 4395 932 4452 sileno
951 4392 1035 4450 εἶναι.

230 4497 275 4566 11)
299 4491 404 4563 ‘Alana
423 4495 458 4550 de
477 4511 533 4565 quo
552 4494 587 4549 Η.
607 4494 789 4566 cogitaverat,
807 4512 903 4548 verum
923 4512 979 4549 non
997 4511 1058 4549 esse
1076 4493 1137 4564 ipse
1156 4510 1230 4548 nunc
1249 4491 1304 4547 eibi
1321 4491 1474 4562 persuasit,

157 4575 302 4647 Δ[ημ]ῶια
321 4578 417 4629 autem
436 4591 453 4629 a
472 4575 557 4645 Δημὼ
577 4574 655 4628 dieta
674 4573 788 4630 aliunde
808 4578 883 4630 certe
901 4575 1027 4632 nondum
1045 4573 1202 4628 innotuisse
1222 4572 1358 4628 concedit.

231 4676 274 4744 12)
303 4677 428 4728 ceterum
445 4675 558 4742 praeter
576 4671 638 4740 hoc,
657 4673 733 4741 quod
753 4675 819 4727 ante
836 4671 936 4728 urbem
958 4671 1026 4738 fuit,
1050 4673 1137 4726 etiam
1155 4671 1186 4725 in
1209 4671 1277 4726 urbe
1295 4670 1359 4740 ipsa
1377 4667 1475 4739 Κόρης

159 4752 294 4808 sacellum
313 4753 400 4807 fuisse
419 4753 452 4807 R.
469 4755 546 4808 recte
567 4752 678 4808 monuit
696 4751 760 4808 coll.
774 4754 796 4806 1
799 4751 825 4808 G
843 4750 924 4806 xsse
944 4771 970 4806 n.
987 4758 1038 4806 184
1057 4768 1081 4806 v.
1098 4757 1131 4806 10
1150 4749 1245 4821 Κόρης
1261 4758 1312 4818 τῆς
1331 4751 1374 4821 ἐ[ν
1393 4749 1473 4804 ἄστει

157 4835 202 4888 vel
221 4841 271 4904 τῆς
289 4834 336 4906 issa
353 4831 440 4888 πόλει.
