3450 5458
242 305 305 370 100
769 308 882 363 Lusus
902 307 1042 364 secula

385 509 422 518 -—
449 509 491 518 -
517 473 728 552 ἐπιμελεῑεθαι
753 511 794 518 -
817 511 861 518 -
950 475 1009 539 τὸν
1028 475 1194 554 δήμαρχον
1215 479 1219 554 Ι
1240 472 1333 558 μετὰ]
1356 478 1413 552 τῆ(
1430 473 1550 552 ίερείαε

292 579 395 664 [τ]ὸ[ν
428 578 477 644 ἀεὶ
509 575 762 665 δημαρχΙοῡ]ντα
774 577 799 666 ¹)
836 585 894 646 τοῦ
925 582 1164 662 Θεεμοφορίου,
1202 578 1306 668 [ὅπως
1339 581 1379 646 ἂν
1418 579 1551 665 ainokis

256 685 435 766 οάφέτου(
463 686 552 767 ἀφιεῑ
581 689 659 766 μηδὲ
689 686 854 774 θιά[εο,υε]
883 688 1011 766 ευνάγει
1041 691 1119 768 μηδὲ
1146 688 1217 768 ἱερὰ
1241 684 1549 774 ἐνιορεύωΝίιαμῖ)

292 796 370 873 μηδὲ
393 796 576 874 καθαρμοῦ(
600 799 732 859 ποιῶαν
757 791 878 880 satist]
897 797 980 874 πρὸ(
998 797 1075 860 τοὺ(
1095 797 1221 876 βωμοὺς
1241 798 1319 875 μηδὲ
1338 797 1376 860 τὸ
1396 793 1550 880 μέγαρ1ον

292 901 462 979 προείωαν
482 901 559 967 ἄνευ
581 907 637 979 τῆς
660 902 765 980 ἱερέα(
784 899 900 985 [clll’
918 903 937 981 ἢ
957 902 1038 969 ὅταν
1057 903 1076 981 ἡ
1097 903 1192 983 ἑορτὴ
1211 908 1277 968 τῶν
1292 904 1525 983 Θειμοφορίων

239 1022 272 1071 10
291 1009 342 1072 καί
370 1009 537 1086 πληροείαι
568 1010 620 1072 καί
649 1005 877 1090 Καλαμαίοιεί)
910 1005 979 1096 allel
1006 1010 1046 1074 τὰ
1075 1009 1169 1089 (κίρα
1202 1013 1252 1076 καὶ
1286 1011 1315 1075 εί
1341 1031 1414 1076 τινα
1446 1010 1550 1088 ἄλλην

290 1112 420 1201 ἡμέξραν
443 1117 649 1194 (υνέρχονται
673 1115 705 1180 αἱ
723 1121 872 1191 γυναῖκες
895 1115 984 1203 celeb
1011 1117 1052 1181 τὰ
1073 1117 1205 1196 πάτρια,
1272 1119 1445 1198 ἐψηφίιθαι
1469 1119 1547 1182 Πει-

291 1219 451 1308 curleios,
481 1222 549 1288 εἰάν
572 1223 618 1286 τί(
646 1243 674 1286 τι
702 1223 940 1303 τούτωνπαρὰ
967 1220 1078 1310 sutoro
1105 1230 1191 1300 ποεῖ,
1220 1225 1373 1305 ἐπιβολὴν
1402 1223 1546 1308 ἐπ[ι]βα-

239 1346 271 1393 1ο
292 1331 392 1395 λόντα
414 1327 490 1414 elev
522 1331 687 1408 δήμαρχον
719 1329 884 1416 etrusca]
916 1330 1016 1396 εἰατό
1049 1332 1258 1418 διξκαετήριον
1288 1334 1455 1413 χρώμενον
1478 1336 1548 1396 τοί(

291 1433 411 1524 νόμοιξ(
435 1437 465 1502 οἳ
489 1442 608 1502 κεῖνται
631 1439 704 1516 περί
727 1439 866 1502 τούτων·
939 1442 1012 1518 περὶ
1035 1437 1080 1526 bib
1104 1445 1160 1517 τὴ(
1183 1441 1313 1506 dlutius
1334 1437 1430 1524 τ[ῶ]ν
1449 1439 1547 1519 ἱερῶν

237 1560 271 1608 νο
291 1544 360 1609 είάν
382 1564 429 1608 τι(
449 1541 454 1629 Ι
474 1544 638 1623 illelmus,
668 1546 795 1624 κυρίου(
823 1544 903 1610 είναι
931 1549 1007 1611 τοὺ(
1036 1544 1206 1632 ἀρῇχαίουε
1230 1549 1350 1626 νόμου(
1373 1547 1405 1612 οἳ
1433 1545 1496 1632 κεῖ(
1516 1547 1546 1628 )-

289 1649 372 1734 eod)
396 1653 469 1730 περὶ
492 1648 639 1737 notorior·
675 1651 891 1737 ἀναγ[ρά]ψαι
915 1655 951 1717 δὲ
974 1655 1050 1718 τόδε
1073 1656 1111 1718 τὸ
1135 1653 1292 1738 ψήφιείμα
1320 1657 1396 1719 τοὺ(
1420 1653 1547 1732 ὁρατὰ(

292 1759 370 1837 μετὰ
392 1763 451 1823 τοῦ
475 1755 649 1844 δημάρχίου
669 1761 719 1823 καί
739 1765 844 1838 cefisos
863 1761 945 1837 πρὸ(
963 1765 1013 1839 τῆι
1033 1761 1183 1842 ἀναβάεει
1204 1763 1208 1842 Ι
1229 1767 1288 1827 τοῦ
1311 1762 1546 1841 Θειμοφορίου.

326 1931 529 1992 Piraeensium
557 1933 593 1992 de
621 1932 731 1992 utendo
759 1933 992 2011 Thesmophorio
1022 1933 1172 1994 decretum
1200 1935 1296 1995 altera
1318 1935 1361 1994 IV
1381 1955 1407 1994 a.
1428 1933 1494 1994 (ihr.
1518 1956 1547 1993 n.

238 2031 350 2092 saeculi
372 2033 459 2109 parte
483 2029 640 2110 στοιχηδὸν
662 2032 848 2108 inscriptum.

325 2137 415 2198 liber
433 2138 659 2216 Thesmophorii
681 2157 753 2198 usus
775 2158 836 2199 nen
859 2141 918 2199 nisi
941 2139 1044 2202 diebus
1068 2141 1151 2200 festis
1169 2140 1411 2217 permittebatur3
1435 2143 1546 2199 cetoro-

235 2237 309 2315 quin
332 2239 542 2316 praeterquam
570 2237 648 2313 quod
677 2237 708 2295 in
731 2256 849 2297 nemore
873 2257 956 2297 sacro
981 2231 1032 2318 (cf.
1051 2259 1078 2299 ν.
1100 2231 1209 2320 18sq.)
1234 2237 1395 2312 ambulare,
1424 2241 1459 2298 ut
1480 2241 1546 2314 qui·

236 2336 303 2395 dem
326 2335 458 2411 videtin,
481 2335 599 2410 licebat,
622 2335 736 2395 nullam
759 2355 821 2395 nem
846 2353 961 2396 sacram
984 2338 1047 2396 sine
1070 2327 1255 2418 sacerdote⁵)
1279 2337 1375 2396 facere
1398 2337 1444 2395 fes
1472 2337 1547 2409 erat,

235 2433 267 2493 id
290 2435 370 2511 quod
392 2435 491 2510 priore
516 2435 601 2494 tituli
622 2435 709 2510 parte
733 2435 899 2494 accuratius
922 2435 1100 2513 singillatim
1123 2435 1270 2495 definitur.
1305 2435 1341 2492 V.
1362 2437 1380 2494 3
1406 2432 1486 2506 ὅπως
1507 2429 1547 2492 ev

235 2527 359 2612 μηδ]είς
381 2529 510 2608 ἀφέτους
532 2529 629 2608 dorsi:
653 2531 781 2592 Graecos
804 2534 837 2592 in
856 2535 974 2608 templis
993 2552 1093 2594 servos
1111 2553 1202 2594 manu
1221 2535 1340 2593 mittere
1360 2534 1546 2592 consuevisse

235 2651 321 2691 nemo
344 2631 451 2706 neseit3
474 2631 640 2691 sacerdotes
663 2633 838 2708 plerumque
862 2633 952 2692 testes
972 2631 1122 2692 adhibitos
1141 2650 1204 2692 esse
1222 2632 1321 2691 titulis
1345 2633 1478 2709 apparet.
1504 2663 1545 2670 ·-

236 2725 310 2808 μηδὲ
338 2723 499 2809 θιοί[σους]
528 2727 662 2810 συνάγεις
692 2749 752 2790 non
779 2732 843 2790 tam
871 2729 906 2789 de
933 2731 999 2806 ipsa
1022 2729 1158 2790 sodalicii
1181 2731 1372 2791 institutione
1396 2749 1486 2806 quam
1510 2728 1545 2786 de

235 2828 387 2888 sodalibus
411 2827 449 2887 ad
472 2828 575 2906 epulas
599 2846 697 2888 sacras
721 2828 918 2889 convocandis
945 2828 1006 2887 dici
1032 2828 1107 2886 mibi
1129 2827 1256 2903 videtur,
1280 2828 1316 2888 cf.
1340 2829 1428 2886 etiam
1455 2847 1482 2885 n.
1503 2828 1544 2884 49

235 2947 262 2986 v.
274 2929 314 2986 21
331 2923 400 2998 τοὺς
414 2921 615 3004 βουλομένους
629 2923 736 3005 ἔρανον
750 2923 888 3004 συνάγειν
898 2923 1154 3010 Mesembriacos,
1168 2920 1215 2986 ἐπ’
1229 2923 1332 3008 ἀγαθῇ
1349 2923 1423 3007 τύχῃ
1437 2928 1496 2984 ιιτί.
1513 2957 1545 2964 -

235 3043 262 3084 ν.
282 3025 301 3082 4
326 3019 400 3102 μηδὲ
424 3021 486 3102 ἱερὰ
509 3020 727 3102 {vodescalcus
751 3025 832 3083 intra
855 3025 1000 3083 maiorum
1024 3023 1146 3084 deorum
1169 3025 1241 3083 fana
1264 3025 1354 3083 etiam
1378 3024 1545 3083 alienorum

235 3123 357 3182 deorum
384 3122 508 3182 delubra
535 3121 655 3182 condita
682 3141 744 3182 esse
773 3125 889 3182 constat
917 3117 967 3199 (cf.
991 3142 1015 3181 e.
1035 3143 1061 3200 g.
1086 3124 1132 3181 tit
1156 3142 1184 3181 n.
1206 3124 1268 3181 122
1297 3125 1394 3181 totum
1424 3121 1460 3181 de
1489 3121 1546 3180 hac

234 3241 265 3280 re
298 3211 470 3301 scriptum),
504 3223 537 3280 at
568 3221 618 3278 bic
653 3221 753 3297 potius
785 3220 822 3279 de
858 3222 918 3279 aris
955 3221 1120 3296 stabrisque
1157 3219 1362 3280 consecrandis
1402 3219 1546 3299 cogitabi-

234 3337 300 3380 mus
324 3311 375 3400 (cf.
393 3339 422 3377 n.
442 3321 462 3376 4
486 3338 513 3376 v.
532 3311 598 3400 55),
619 3337 679 3394 qua
700 3317 733 3376 in
755 3337 787 3377 re
811 3317 1003 3378 sollemnibus
1026 3318 1213 3378 caerimoniis
1236 3337 1311 3394 opus
1334 3320 1399 3377 erat
1422 3317 1545 3376 minime

234 3420 269 3477 ut
300 3416 421 3478 videtur
454 3418 548 3492 tritis,
580 3417 617 3476 ef.
649 3419 768 3493 praeter
800 3416 889 3475 schol.
916 3415 1069 3493 Aristopb„
1097 3414 1177 3474 Plut.
1207 3418 1306 3489 1197,
1343 3414 1423 3491 quod
1455 3415 1546 3475 attuli

235 3549 448 3556 ·-.-—-—-—

325 3670 350 3801 d)
374 3667 465 3737 suppl.
486 3666 532 3734 K.;
559 3666 642 3721 initio
670 3665 775 3720 decreti
799 3665 935 3736 scriptum
958 3665 1014 3719 fuit
1038 3663 1134 3734 ἐπειδὴ
1163 3664 1284 3734 πάτριόν
1312 3664 1387 3720 ἐστιν
1415 3664 1459 3719 rel
1486 3665 1545 3719 tale

234 3749 273 3803 ali
294 3749 324 3802 ui
347 3792 352 3803 .

275 3767 294 3818 q
324 3841 351 3909 2)
370 3838 411 3893 ita
429 3837 555 3907 lapicida
572 3853 623 3908 pro
643 3835 827 3906 ἐνιδρύωνται
845 3836 983 3902 exararit;
1003 3836 1038 3890 de
1056 3835 1139 3915 verbo
1159 3835 1193 3889 of.
1209 3854 1235 3889 n.
1251 3841 1268 3890 4
1287 3853 1311 3888 r.
1328 3841 1371 3890 55.

324 3931 351 3996 3)
370 3927 501 3982 similiter
510 3942 527 3980 a
537 3929 678 3981 structura
692 3925 722 3980 in
736 3925 933 3981 enumerandis
945 3925 1025 3980 festis
1040 3924 1146 3980 recedit
1157 3924 1203 3978 lex
1218 3924 1322 3980 aDem.
1333 3925 1397 3978 XXI
1408 3929 1442 3979 10
1456 3925 1544 3980 allata

235 4005 303 4062 ὅταν
322 4007 340 4078 ἡ
360 4007 457 4078 πομπὴ
475 3998 493 4078 ᾖ
514 4011 551 4078 τῷ
570 4007 701 4080 Διονύσῳ
720 4006 750 4061 ἐν
769 4009 901 4076 Πειραιεῖ
917 4006 965 4059 καὶ
985 4004 1012 4059 oi
1030 4005 1159 4076 κωμῳδοὶ
1178 4005 1226 4060 καί
1244 4005 1272 4060 ot
1290 4001 1440 4078 τραγῳδοί,
1458 4004 1543 4074 ναίὴ

235 4089 281 4144 ἐπί
298 4085 415 4160 Ληναίῳ
433 4087 531 4157 πομπὴ
546 4088 594 4141 καὶ
613 4086 641 4141 ct
659 4106 700 4155 το.
715 4087 764 4141 καί
783 4085 811 4141 οἱ
829 4107 864 4154 ια,
882 4085 931 4140 καί
949 4093 1007 4147 τοῖς
1025 4085 1056 4140 ἐν
1074 4085 1152 4140 ἄστει
1167 4081 1330 4150 Διονυσίοις
1347 4085 1477 4154 dccccii
1496 4086 1544 4138 καί

234 4167 262 4223 ol
280 4171 381 4229 naides
398 4167 447 4223 καὶ
466 4165 481 4221 d
500 4175 592 4237 κῶμος
610 4168 658 4221 καί
677 4165 704 4220 ol
719 4166 848 4240 κωμῳδοί
866 4167 914 4221 ναί
933 4164 961 4220 el
979 4185 1020 4235 νρ.
1039 4166 1088 4220 καί
1105 4163 1270 4236 Θαργηλίων
1284 4173 1317 4237 τῇ
1332 4173 1429 4236 πομπῇ
1447 4166 1496 4218 καί
1509 4167 1548 4239 τῷ

233 4249 331 4318 ἀγῶνι,
350 4247 386 4316 μὴ
406 4247 509 4312 ἐξεῖναι
527 4249 594 4315 ντί,
613 4261 786 4316 quamquam
804 4247 834 4301 in
852 4251 947 4302 nostro
966 4245 1050 4300 titulo
1069 4246 1237 4316 interruptio
1257 4245 1352 4300 durior
1370 4249 1421 4300 est.

323 4339 351 4406 ι)
371 4337 491 4390 κειτυ.

324 4428 350 4496 5)
373 4441 469 4480 vocem
492 4426 567 4481 enim
589 4427 659 4482 ἄνευ
682 4435 732 4498 τῆς
755 4425 847 4494 ἱερέας
868 4427 906 4481 ad
928 4427 1020 4480 totum
1042 4425 1220 4482 enuntiatum
1242 4423 1328 4480 finale
1345 4424 1449 4481 referre
1467 4425 1543 4481 malo

235 4522 320 4574 quam
339 4506 376 4560 ad
395 4505 486 4560 solum
504 4505 575 4561 illud
594 4507 663 4580 μηδὲ
682 4507 754 4575 πρὸς
771 4508 837 4569 τοὺς
854 4507 966 4578 βωμοὺς
983 4507 1052 4576 μηδὲ
1070 4506 1101 4561 sb
1120 4505 1242 4576 μέγαρον
1260 4503 1423 4574 προσίασιν,
1442 4505 1467 4559 si
1481 4506 1544 4573 qni-

235 4585 299 4640 dem
318 4601 459 4641 servorum
482 4604 593 4657 quoqne
615 4587 896 4656 manumissionibus,
919 4586 1147 4654 lustrationibus,
1170 4585 1429 4641 consecrationibus
1452 4602 1543 4641 sacer·

235 4666 330 4720 dotem
348 4665 486 4721 interesse
500 4668 600 4723 mento
619 4667 788 4738 postulatur,
807 4668 892 4736 idque
907 4667 998 4722 solum
1012 4666 1138 4721 dubitari
1152 4669 1253 4736 potest,
1268 4666 1337 4735 quid
1354 4665 1409 4720 sibi
1423 4666 1544 4722 voluerit

234 4746 394 4814 praesentia
417 4747 477 4801 eius
500 4747 530 4802 in
552 4747 734 4804 sollemnibus
757 4747 905 4817 sodalium,
928 4749 1034 4817 quippe
1057 4747 1107 4815 qui
1130 4764 1194 4802 suos
1212 4746 1350 4802 haberent
1373 4747 1542 4802 sacerdotes.

234 4824 289 4880 Sed
316 4825 410 4880 nescio
438 4843 474 4881 an
502 4828 628 4884 ordinem
655 4829 715 4884 fani
741 4828 841 4884 melius
865 4829 1011 4884 sacerdote
1033 4826 1150 4897 publica
1171 4829 1319 4898 praesente
1342 4830 1482 4882 servatum
1507 4828 1543 4882 iri

234 4907 403 4974 putaverint.
