3424 5462
684 352 865 408 sonorus
884 361 960 408 nio
1411 357 1477 422 213

163 522 430 598 Acraephieneium
464 523 531 600 ipsa
562 542 608 584 ros
640 523 744 599 templi
777 522 1070 598 administraverant,
1101 524 1284 584 Boeotorum
1311 525 1417 584 deinde
1445 546 1477 587 re

164 619 287 696 publica
315 623 465 680 communi
493 624 657 681 consututa
688 621 775 681 huius
808 623 972 681 auctorItas
1002 626 1178 697 accesserat,
1211 643 1300 699 quam
1329 624 1366 684 ad
1394 643 1478 684 sacra

165 737 285 795 quoquo
309 721 494 798 singularum
519 720 676 778 civitatum
698 721 876 796 pertinuisse
899 719 1017 779 decreto
1041 720 1174 780 derasis
1192 721 1370 798 Amphiarai
1391 743 1418 780 n.
1435 724 1476 781 67

165 816 366 876 confirmatur.
403 816 469 876 Hoc
492 817 618 894 denique
641 816 759 877 decreto
783 820 907 878 accessit
930 819 1113 895 agonotheta
1131 819 1294 894 Ptoiorum,
1317 819 1395 879 unde
1413 821 1478 879 tum

164 917 296 992 primum
314 915 388 974 haec
406 916 571 975 cortamina
589 917 731 975 instituta
750 934 812 976 osso
826 915 1038 994 Dittenberger
1056 917 1186 994 collegit,
1205 918 1256 977 sed
1274 920 1374 993 potest
1387 918 1476 977 otiam

164 1031 212 1072 ros
236 1013 325 1073 aliter
347 1013 503 1088 explicari:
531 1013 602 1073 olim
626 1016 704 1073 sicut
731 1014 865 1090 ipsorum
888 1013 1026 1074 ludomm
1053 1017 1098 1074 ita
1121 1016 1320 1093 agonothetae
1344 1016 1478 1076 condicto

166 1111 302 1170 modesta
316 1115 390 1186 erat,
404 1115 469 1170 tum
485 1131 553 1171 vero
572 1111 727 1188 splendore
746 1112 884 1172 ludorum
903 1115 991 1172 aucto
1010 1131 1063 1172 suo
1077 1115 1142 1173 iure
1160 1115 1195 1187 is,
1215 1115 1266 1188 qui
1281 1114 1318 1174 iis
1332 1116 1479 1189 praeerat,

166 1208 342 1285 postulavit,
364 1214 400 1268 ut
421 1211 569 1269 univorsis
591 1210 678 1269 rebus
702 1212 793 1270 sacris
818 1211 1062 1271 administrandis
1086 1204 1286 1292 interessetl)

255 1306 291 1365 V.
308 1309 348 1365 17
374 1309 550 1384 Πτωϊοιιλῆν
569 1307 791 1388 Ποταμοδώρου
810 1309 943 1386 legatum
966 1309 1066 1383 fuisse,
1090 1311 1141 1385 qui
1160 1309 1198 1368 ab
1218 1309 1479 1386 Amphictionibus

164 1406 222 1465 hoc
245 1404 396 1465 decretum
418 1408 607 1482 impetraret,
635 1400 714 1466 recte
737 1407 907 1466 observavit
929 1406 1150 1484 Dittenborgor,
1180 1408 1321 1484 quoniam
1350 1409 1376 1466 si
1399 1411 1479 1466 certo

166 1506 345 1582 magistratu
368 1503 488 1580 publico
511 1505 630 1564 functus
652 1508 739 1579 esset,
762 1505 940 1582 significatio
965 1507 1027 1566 eius
1051 1507 1166 1564 nomini
1188 1505 1292 1566 addita
1315 1510 1405 1582 osset,
1431 1506 1480 1564 sol

166 1604 276 1678 potius,
307 1603 340 1660 ni
365 1602 465 1676 fallor,
496 1606 615 1661 nomino
643 1606 764 1680 proprio
788 1603 897 1663 omisso
921 1603 1016 1663 solum
1044 1604 1248 1680 magistratus,
1280 1605 1334 1680 qui
1361 1603 1481 1664 decreta

165 1699 288 1776 publica
310 1699 500 1776 inscribebat,
524 1701 709 1778 significatus
733 1705 818 1761 osset.

256 1797 292 1856 V.
315 1800 355 1857 19
379 1796 412 1858 ἐν
435 1806 487 1858 τῶι
511 1797 591 1877 tepus
613 1807 666 1858 τοῦ
690 1801 824 1859 nactos:
857 1818 964 1859 nomen
988 1800 1138 1877 Apollinis
1161 1819 1219 1858 non
1244 1817 1315 1858 casu
1338 1802 1481 1860 omissum

167 1901 222 1970 est,
246 1897 282 1956 cl.
306 1897 381 1955 duas
405 1915 481 1973 quae
503 1897 749 1972 inscriptionibus
773 1899 908 1957 servatae
932 1901 1002 1958 sunt
1025 1897 1225 1958 dedicationes
1249 1895 1344 1978 Εἵρωι
1368 1899 1482 1958 Πτωΐσι

166 1996 264 2054 factas
292 1987 399 2074 (MAI
416 1994 459 2053 IX
481 1997 550 2072 p.7
580 1999 611 2054 et
633 1995 734 2056 ΒΘΗ
754 1995 840 2054 ΧΧΠ
862 1989 980 2075 [1898]
1004 2016 1032 2072 p.
1053 1997 1116 2054 243
1141 2016 1169 2056 n.
1191 1988 1270 2077 l).⁸)
1316 1995 1350 2053 Id
1378 1997 1482 2074 igitur,

168 2092 332 2168 quodiam
355 2093 471 2168 pridem
494 2092 608 2153 Usener
628 2093 836 2154 θόιισνιιαιιιινι
858 2114 886 2170 p.
904 2095 966 2153 133
991 2114 1008 2154 e
1030 2093 1199 2153 nominihus
1222 2094 1360 2153 humanis
1380 2089 1483 2176 Πτῳό·

168 2190 264 2271 δωρος
287 2193 449 2275 Πτῳοιιλῆς
481 2195 535 2251 otc.
560 2193 733 2269 collegerat:
766 2191 884 2263 Πτώιος
915 2193 1031 2269 origine
1058 2211 1165 2251 nomen
1193 2192 1241 2250 dei
1268 2210 1322 2266 por
1348 2209 1378 2252 se
1409 2189 1482 2250 culti

167 2288 324 2365 proprium
347 2288 439 2348 fuisse
463 2294 493 2348 ot
515 2290 672 2365 postmodo
696 2288 815 2348 demum
838 2309 1001 2368 cognomen
1025 2289 1174 2367 Apollinis
1197 2291 1311 2348 fectum
1334 2308 1397 2348 osse
1420 2291 1482 2348 iam

167 2389 242 2446 satis
265 2386 424 2446 titulorum
448 2389 628 2448 auctoritato
651 2387 849 2448 confirmatur.

257 2485 292 2543 B.
315 2484 443 2544 Decreto
462 2485 708 2561 Amphictionum
731 2486 884 2546 oraculum
903 2486 1065 2562 Trophonii
1085 2484 1267 2544 Lebadensis
1291 2485 1481 2545 subiunctum

168 2575 250 2664 ost⁹)
296 2583 338 2642 Et
364 2584 442 2642 ratio
470 2583 558 2643 huius
587 2601 713 2644 conexus
745 2585 902 2660 perspicua
929 2590 986 2660 est,
1019 2585 1140 2644 oraculo
1168 2585 1248 2642 onim
1275 2583 1340 2659 ipso
1364 2600 1482 2660 quoque

168 2683 248 2740 mont
270 2679 410 2741 Lebedos
431 2681 497 2740 Iovi
520 2685 551 2740 ct
574 2682 753 2758 Trophonio,
776 2683 821 2740 ita
842 2682 1011 2758 Acraephia
1030 2682 1164 2758 Apollini
1189 2681 1355 2742 consecrari
1377 2680 1482 2740 iuben-

168 2785 220 2838 tur
243 2781 273 2838 et
295 2778 403 2838 violari
426 2781 567 2838 vetantur
590 2772 640 2860 (of.
660 2780 687 2837 A
710 2799 738 2839 v.
759 2771 870 2861 5—9),
900 2783 992 2856 atque
1016 2781 1107 2838 etiam
1130 2779 1222 2840 verba
1244 2777 1282 2856 ιιή
1306 2777 1359 2839 τὸν
1381 2775 1483 2857 ἀγῶνα

169 2875 256 2956 ιάρὸν
278 2873 514 2956 καταγγελλέμεν,
539 2896 720 2953 quamquam
739 2879 850 2953 Apollo
867 2878 972 2938 Ptoius
995 2897 1055 2937 non
1076 2879 1248 2938 nominatur
1266 2895 1320 2936 noc
1339 2876 1483 2953 spondere

170 2977 280 3051 ausim,
307 2979 409 3034 utrum
436 2975 500 3052 ipse
523 2976 712 3052 Trophonius
740 2979 890 3036 certamen
912 2974 1083 3036 Lebadense
1112 2968 1278 3058 (Βασίλεια)
1307 2994 1345 3034 an
1373 2974 1482 3035 Acrae·

169 3074 292 3150 phiense
315 3073 433 3150 dixerit,
455 3075 596 3150 poterant
618 3077 718 3134 tamen
742 3077 846 3150 utiquo
870 3074 909 3134 ad
930 3074 1020 3134 Ptole
1046 3075 1158 3134 referri.
1201 3073 1274 3131 Veri
1297 3073 1483 3132 simillimum

170 3175 265 3250 igitur
293 3175 339 3232 est
362 3172 612 3248 Acraephienses,
640 3193 707 3232 cum
737 3172 769 3230 id
798 3176 921 3251 agerent
949 3176 983 3230 ut
1010 3173 1083 3232 lano
1106 3171 1245 3247 ludisque
1268 3173 1332 3231 suis
1355 3171 1484 3230 tutelam

170 3270 219 3330 dei
245 3269 386 3346 Delphici
418 3273 448 3329 et
480 3268 638 3351 ἐκεχειρίαν
670 3273 889 3347 compararent,
922 3269 1042 3330 oraculo
1074 3269 1129 3329 hoc
1161 3287 1230 3328 usos
1258 3268 1302 3344 id,
1334 3269 1414 3345 quod
1446 3267 1483 3328 ab

169 3368 432 3445 Amphictionibus
450 3369 610 3445 impetrare
629 3368 797 3444 studebant,
817 3370 995 3428 auctoritate
1010 3367 1173 3443 Trophonii
1191 3367 1411 3426 commendasse
1430 3384 1484 3425 nec

171 3466 283 3542 dubito,
307 3467 381 3542 quiu
403 3468 464 3543 ipsi
478 3466 703 3542 Amphictiones
726 3468 814 3526 initio
838 3466 948 3526 decreti
972 3467 1077 3537 deleto,
1101 3465 1153 3524 uhi
1171 3464 1279 3542 quihus
1297 3465 1386 3524 rebus
1405 3483 1484 3525 com·

169 3566 247 3624 moti
264 3564 338 3624 haec
357 3563 564 3638 decrevissent,
587 3563 792 3640 exponendum
812 3568 885 3638 erat,
909 3565 1001 3624 etiam
1020 3564 1134 3623 oraculi
1150 3563 1332 3622 mentionem
1351 3562 1483 3622 fecerint.

172 3661 231 3722 Sed
253 3663 310 3722 hoc
333 3661 440 3721 mirum
464 3668 511 3722 ost
533 3663 686 3722 oraculum
709 3681 804 3739 neque
823 3661 988 3722 Lebadensi
1011 3680 1107 3738 neque
1126 3660 1338 3738 Acraephiensi
1360 3661 1484 3735 homini,

263 3827 290 3894 6)
318 3827 348 3878 et
369 3824 398 3877 in
422 3823 515 3878 titulis
538 3825 568 3876 et
594 3824 669 3892 apud
695 3823 844 3892 scriptores
867 3822 999 3891 frequens
1022 3823 1082 3877 eius
1105 3822 1253 3890 memoria,
1282 3821 1358 3890 apud
1381 3820 1483 3874 Herod.

171 3905 237 3960 VIII
259 3912 309 3959 135
327 3905 404 3958 idem
422 3901 578 3973 πρόμαντις
596 3907 717 3958 vocatur.

264 3988 290 4056 ⁷)
309 3985 385 4056 quod
400 3987 422 4040 1
425 3983 591 4040 Gvsssrss
607 3987 659 4039 eto.
674 3983 794 4056 legimus
813 3984 863 4038 τὸν
876 3984 973 4054 ἀγῶνα
987 3993 1042 4037 τῶν
1057 3981 1175 4036 Πτωῖων
1190 3979 1223 4038 ὃν
1237 3979 1367 4036 τιθέασιν
1379 3977 1485 4048 ’Aspac-

172 4075 249 4136 φιεῐς
267 4064 443 4133 πεντέτειρον
461 4069 499 4138 τῷ
513 4063 658 4120 Ἀπόλλωνι
676 4085 698 4118 τ.
709 4067 760 4118 Hs.
777 4062 946 4132 στεφανίτην
962 4061 1125 4132 depositaria,
1143 4059 1403 4117 verbenacam
1417 4077 1484 4115 saue

172 4145 286 4201 institui
305 4149 445 4200 certamen
464 4145 581 4210 indicat,
600 4145 650 4200 sed
668 4145 697 4198 ni
716 4143 808 4210 fallor,
827 4147 934 4199 certum
953 4160 1042 4214 genus
1056 4145 1116 4199 eius
1130 4143 1223 4197 vorbis
1238 4143 1371 4212 deinceps
1389 4139 1484 4196 πεντέ-

171 4246 266 4296 τειρσν
276 4257 288 4267 -
299 4223 469 4295 στεφανίτην
479 4257 491 4266 -
500 4223 655 4294 depellatis
674 4225 861 4295 designatum.

263 4309 290 4376 8)
319 4305 472 4360 auctoritas
496 4322 592 4360 earum
613 4322 670 4360 non
693 4305 787 4358 minus
809 4303 897 4371 salet,
921 4303 986 4359 licet
1012 4320 1059 4359 eas
1086 4321 1142 4358 non
1166 4319 1181 4357 e
1205 4302 1271 4357 fauo
1295 4301 1485 4368 celeberrimo,

173 4387 223 4442 sed
243 4403 259 4441 e
278 4385 381 4441 sacello
399 4384 537 4455 peculiari
555 4385 647 4440 herois
666 4384 742 4440 Ptoii
760 4385 789 4438 in
808 4385 870 4455 ipso
889 4385 994 4455 oppido
1009 4384 1259 4454 Acraephiensium
1278 4382 1333 4437 sito
1352 4382 1484 4436 oriundae

174 4483 234 4524 esse
256 4465 400 4520 Perdriaot
414 4467 510 4521 ΒΘΗ
523 4465 542 4520 1.
558 4483 580 4520 c.
600 4469 676 4520 recte
695 4465 853 4520 coniecerit.

265 4551 291 4614 9)
315 4547 351 4601 cf.
367 4545 401 4601 de
420 4546 473 4600 hoc
493 4563 556 4600 cum
570 4544 733 4600 Philostrat.
747 4545 840 4616 Apoll.
855 4545 943 4613 Tyan.
954 4544 1020 4598 VIII
1036 4551 1077 4612 19,
1097 4543 1183 4599 schol.
1194 4542 1336 4612 Aristoph.
1347 4541 1421 4597 Nub.
1432 4547 1485 4596 508

174 4631 235 4682 tum
253 4627 334 4681 Pauo.
350 4625 387 4679 IX
402 4632 436 4680 39
456 4625 598 4696 (Douhner
617 4627 660 4682 De
674 4627 849 4682 iucuhotioae
862 4625 985 4695 passim).
1014 4624 1071 4678 Sub
1086 4627 1161 4679 terra
1174 4622 1306 4677 habitere
1320 4622 1486 4677 credebatur

175 4709 249 4763 sicut
262 4706 461 4777 Amphiaraus,
479 4707 555 4761 undo
573 4707 604 4760 iu
618 4707 671 4761 hoc
685 4706 769 4761 titulo
784 4705 889 4776 logItur
902 4704 1028 4776 καταβὰς
1044 4705 1074 4760 ἐν
1090 4705 1268 4771 Τρεφώνισν;
1287 4702 1322 4758 cl.
1337 4702 1373 4756 do
1387 4703 1486 4756 eodem

175 4787 288 4843 oraculo
310 4793 463 4841 n.71v.5
487 4790 516 4841 et
539 4787 574 4841 do
598 4787 710 4850 oraculo
730 4784 869 4856 Apollinis
893 4783 979 4839 Clarii
1002 4784 1118 4838 titulum
1142 4781 1346 4852 Colophonium
1369 4783 1434 4836 Rco.
1454 4783 1487 4837 do

175 4869 247 4926 Phil.
276 4871 345 4921 1898
368 4885 396 4937 p.
416 4871 468 4921 259
491 4873 554 4920 n.2
583 4864 743 4936 θεοπρόποι
766 4897 799 4906 -
823 4897 858 4906 -
886 4863 988 4928 οἵτινες
1014 4863 1170 4934 μυηθέντες
1192 4862 1377 4936 ἐνεβάτενσαν
1400 4879 1436 4916 so.
1456 4861 1484 4914 in

175 4965 299 5020 specum,
320 4947 355 5002 do
374 4964 429 5016 quo
449 4947 514 5001 Tac.
529 4965 592 5000 aun.
608 4946 633 5000 Il
649 4951 691 5002 54.
