3434 5464
257 288 321 352 302
779 289 889 344 Lucus
908 289 1048 344 SACRAE

344 457 505 518 Decretum
529 456 697 518 Samiorum
719 457 756 517 de
777 457 854 534 stipe
878 477 897 517 a
919 459 1072 520 sacerdote
1095 459 1184 520 Isidis
1207 461 1375 540 colligenda
1396 461 1428 521 H
1451 480 1478 520 a.
1498 460 1569 521 Ghr.

254 576 282 616 ιι.
301 557 419 616 saeculo
442 557 628 633 inscriptum.

342 653 523 714 Mendicetio
546 673 631 714 secra
638 646 674 735 ¹),
697 655 755 713 etsi
777 674 797 714 a
819 655 949 732 genuina
967 652 1147 716 Graecorum
1165 655 1310 734 religione
1327 675 1448 734 prorsus
1467 657 1570 716 aliena

254 769 313 810 non
333 754 398 811 eret
411 743 462 832 (cf.
476 772 504 809 n.
518 745 605 834 132),
623 753 750 810 menime
769 755 870 811 tamen
886 753 918 810 in
932 755 1023 812 sacris
1038 752 1172 813 barbaris
1186 753 1320 813 florebat
1347 753 1393 814 De
1406 755 1474 830 ipse
1487 755 1566 814 Iside

254 850 346 908 etiem
370 847 477 908 Suidaa
501 868 567 909 cam
590 849 686 908 tradit
704 867 726 909 s.
740 869 768 908 v.
782 846 898 929 ἀγείρει.
936 849 1036 909 Diana
1053 850 1188 928 Pergase
1205 852 1253 911 vel
1272 854 1305 911 in
1322 851 1513 928 proverbium
1533 873 1569 912 ea

255 965 285 1004 re
309 950 440 1022 venerat,
464 948 500 1006 cf.
519 968 548 1006 n.
565 949 627 1006 155
647 951 678 1007 et
701 967 776 1023 quae
795 947 837 1007 ihi
857 947 1007 1007 adnotavi.
1043 947 1200 1007 Notissimi
1223 968 1294 1009 vero
1313 949 1440 1028 Magnae
1458 950 1564 1010 hiatu-is

255 1045 455 1126 μητραγύρται
483 1038 556 1126 (vid.
574 1049 694 1121 praeter
716 1045 839 1121 Dionys.
859 1045 928 1104 Hel.
947 1045 982 1104 A.
1002 1046 1037 1104 R.
1056 1045 1087 1105 II
1108 1049 1147 1106 19
1178 1048 1270 1108 etiam
1294 1047 1431 1108 Eustctla
1450 1049 1490 1107 ad
1514 1047 1566 1109 od

254 1163 283 1218 p.
305 1144 390 1201 1824
414 1147 627 1223 μητραγυρτεῖν
649 1142 682 1204 τὸ
710 1141 781 1220 μετὰ
806 1141 970 1220 τυμπάνων
992 1143 1045 1203 καί
1068 1165 1159 1204 τινων
1181 1143 1325 1205 τοιούτων
1347 1143 1491 1224 περιϊέναι
1518 1143 1567 1206 καί

255 1236 304 1299 ἐπὶ
320 1247 356 1324 τῇ
372 1237 476 1320 Μητρὶ
495 1234 646 1323 ἀγείρειν),
668 1242 723 1317 qui
741 1258 808 1300 cum
826 1241 952 1319 singulis
969 1242 1120 1302 mensibus
1138 1244 1247 1318 stipem
1265 1243 1450 1323 colligerent,
1474 1246 1565 1304 etiarn

256 1337 440 1418 μηναγύρται
466 1339 657 1399 vocabantur.
665 1329 689 1418 ²)
735 1337 776 1396 Hi
802 1340 992 1416 potissimum
1023 1339 1223 1416 impudentia,
1256 1359 1316 1417 que
1347 1341 1429 1418 ipsas
1461 1341 1567 1402 domos

257 1435 366 1495 civium
388 1437 590 1496 mendicantes
618 1437 742 1496 adibant
765 1441 808 1511 et,
834 1441 869 1496 ut
892 1437 1006 1497 animos
1033 1437 1130 1514 plebis
1152 1438 1310 1516 imperitae
1338 1444 1566 1517 commoverent

256 1534 374 1594 morbos
398 1553 428 1594 se
451 1553 557 1595 sanare
580 1539 611 1594 et
633 1535 694 1594 elia
716 1534 862 1594 miracula
883 1537 1005 1611 patrare
1028 1553 1114 1612 posse
1138 1529 1397 1618 profitebantnr⁸)‚
1419 1539 1482 1596 iam
1500 1537 1567 1596 Pla·

253 1633 333 1691 tonis
355 1633 539 1708 temporibus
561 1652 625 1692 rem
647 1635 680 1691 in
707 1632 883 1692 derisionem
911 1652 946 1693 ac
974 1637 1178 1709 contemptum
1200 1627 1423 1717 vocaverunt⁴)
1470 1633 1569 1704 Quare

253 1728 416 1806 Dionysius
438 1730 507 1790 Hel.
531 1729 625 1790 ιλιι.
648 1729 739 1790 1119
763 1730 869 1790 laudat
890 1730 1053 1805 Romanos,
1082 1734 1155 1808 quie
1183 1724 1249 1792 οὐδ’
1275 1728 1314 1790 ἀν
1336 1731 1396 1793 ίδοι
1425 1754 1470 1804 τις
1494 1726 1566 1812 παρ’

254 1824 365 1906 αὐτοῖς,
387 1827 483 1888 ιιαίτοι
506 1825 736 1908 διεφθαρμένων
762 1823 825 1906 ἤδη
851 1835 910 1888 τῶν
932 1826 1024 1906 ἐθῶν,
1052 1827 1089 1888 ού
1117 1827 1330 1909 θεοφορήσεις,
1357 1828 1395 1890 ού
1418 1831 1567 1910 κορυβαν-

253 1925 405 2006 τιασμούς,
428 1924 484 1986 ούιι
506 1923 659 2007 ἀγυρμούς
682 1945 717 1985 ac
739 1928 766 1986 ai
789 1945 876 2003 quem
895 1927 1008 1986 cultum
1026 1928 1217 2004 peregrinum
1236 1929 1320 1988 velut
1333 1927 1443 1988 Idaeae
1461 1930 1569 1988 matris

253 2025 447 2100 induxissent,
465 2024 666 2086 sacerdotibus
686 2023 854 2103 Phrygibus
871 2025 1122 2111 mendicationem
1139 2027 1315 2101 permissam
1329 2044 1401 2101 esse,
1417 2018 1569 2103 Ῥωμαίων

254 2119 287 2182 δὲ
309 2131 368 2182 τῶν
391 2121 562 2203 αὐθιγενῶν
586 2118 652 2182 ούτε
680 2131 891 2202 μητραγυρτῶν
913 2143 957 2194 τις
984 2118 1051 2182 odra
1079 2122 1317 2201 καταυλούμενος
1339 2123 1495 2204 πορεύεται
1518 2121 1568 2183 διά

253 2229 307 2298 τῆς
333 2220 445 2294 πόλεως
472 2225 530 2280 acl.
575 2220 641 2279 lem
667 2239 739 2279 vero
767 2220 816 2280 hic
841 2221 949 2280 titulus
977 2222 1009 2278 ni
1032 2220 1122 2280 fallor
1144 2225 1225 2282 certo
1248 2225 1279 2282 et
1307 2222 1460 2282 luculento
1483 2221 1565 2281 testi·

253 2321 354 2378 monio
374 2324 419 2379 est
437 2339 474 2378 ne
488 2318 617 2380 Graecas
637 2318 758 2394 quidem
776 2317 904 2378 defuisse
923 2318 1068 2393 civitates,
1091 2336 1168 2394 quae
1181 2319 1300 2396 publice
1314 2319 1345 2378 in
1364 2319 1566 2380 mendicantes

255 2417 436 2478 sacrificulos
460 2417 739 2477 animadverterent.
776 2417 882 2476 Verbis
906 2417 985 2475 enim
1008 2416 1071 2474 ο.6
1096 2414 1181 2476 ἔθετο
1205 2414 1259 2492 τὴν
1278 2416 1427 2498 ἱκετηρίαν
1446 2420 1478 2476 et
1497 2419 1566 2492 9sq.

253 2514 362 2576 ιιαθότι
384 2513 432 2575 καί
455 2513 598 2595 πρότερον
621 2516 801 2591 comparetis
824 2516 950 2574 remita
968 2515 1100 2574 evenisse
1120 2515 1243 2594 colligo:
1271 2515 1365 2574 Samii
1387 2517 1565 2592 potestatem

254 2616 362 2690 stipem
385 2632 498 2673 sacram
519 2613 679 2691 colligendi
703 2615 755 2670 aut
773 2613 862 2688 plene
881 2612 1064 2672 sustulerant
1083 2615 1136 2671 eut
1155 2613 1229 2672 artis
1247 2611 1441 2689 molestisque
1458 2611 1566 2672 finibus

254 2711 553 2789 circumscripserant.
613 2708 671 2770 Sed
707 2709 795 2770 Isidis
829 2709 966 2770 sacerdos
1003 2709 1081 2768 bona
1118 2727 1157 2768 sc.
1190 2711 1370 2770 conscientie
1403 2715 1566 2772 commotus

254 2809 371 2870 senatui
399 2810 594 2886 supplicavit,
625 2814 660 2868 ut
687 2809 745 2870 sibi
771 2808 875 2867 liceret
897 2806 1005 2869 καθότι
1032 2804 1082 2866 καὶ
1109 2805 1251 2886 πρότερον
1274 2805 1411 2887 ἀγείρειν,
1441 2827 1477 2868 ac
1505 2811 1566 2868 sive

256 2909 327 2984 quie
349 2907 517 2968 honestiore
540 2907 729 2967 mendicandi
748 2925 854 2985 genere
877 2909 942 2965 erat
960 2923 1032 2966 usus
1050 2907 1113 2966 sive
1134 2909 1256 2982 propter
1275 2905 1347 2964 deae
1366 2924 1437 2965 suae
1455 2906 1565 2966 autori·

253 3009 348 3065 tatem
371 3005 411 3080 id,
435 3005 516 3081 quod
537 3004 666 3082 petebat,
689 3005 873 3081 impetravit.
909 3002 983 3062 Veri
1006 3004 1102 3061 simile
1120 3007 1221 3062 tamen
1240 3003 1386 3076 existimo,
1408 3003 1565 3080 pristinam

254 3107 434 3180 potestatem
456 3103 645 3163 mendicandi
668 3105 696 3162 ei
718 3121 778 3162 non
797 3104 859 3161 eine
880 3103 969 3162 certis
988 3100 1210 3161 condicionibus
1228 3101 1376 3160 redditam
1395 3119 1467 3176 esse,
1492 3119 1567 3177 quse

254 3220 333 3261 nunc
356 3221 423 3262 cum
445 3203 586 3261 inferiore
607 3205 694 3277 perte
723 3199 834 3276 lapidis
856 3201 1017 3275 perierunt.
1064 3197 1172 3268 Quales
1194 3199 1256 3256 fere
1279 3198 1423 3259 hebemus
1446 3201 1479 3257 in
1502 3200 1566 3278 lege

255 3301 291 3360 de
319 3301 470 3361 secerdote
493 3300 609 3358 Dianae
632 3299 781 3378 Pergaeee
810 3289 853 3379 (n.
873 3299 937 3357 155
962 3317 988 3356 v.
1009 3297 1050 3356 25
1062 3288 1143 3378 sqq.)
1170 3293 1203 3356 ἐν
1226 3281 1251 3379 ᾧ
1274 3292 1307 3356 δὲ
1330 3293 1403 3374 μηνί
1429 3292 1449 3374 ἡ
1472 3295 1566 3356 θυσία

256 3389 463 3478 (σ)νντελει”ται
485 3393 505 3475 ἡ
530 3395 707 3476 δημοτελής,
734 3392 870 3475 ἀγειρέτω
898 3392 956 3475 πρὸ
985 3387 1066 3477 (thie
1092 3387 1233 3474 θυ[σί]ας
1255 3389 1368 3474 ἡμέρας
1394 3397 1470 3474 τρεῖς
1493 3385 1566 3474 (ιιοιι

255 3497 349 3575 igitur
371 3496 458 3556 initio
482 3498 625 3572 cuiusque
648 3494 757 3554 mensis
781 3496 859 3554 ειοιιλ
880 3484 1088 3574 menegyrtee)
1112 3485 1158 3552 ἐπ’
1184 3491 1283 3552 οίιιίαν
1306 3492 1346 3570 μὴ
1370 3489 1567 3572 πορευομένη,

256 3595 333 3654 unde
348 3594 437 3655 simul
451 3595 534 3654 vides
548 3593 826 3652 Halicarnassenses
840 3590 920 3668 ipsos
934 3609 1055 3667 quoque
1069 3590 1104 3649 de
1119 3589 1175 3649 hac
1189 3608 1221 3649 re
1234 3587 1408 3666 providisse.
1432 3590 1566 3650 Tertium

348 3758 373 3826 1)
391 3755 515 3825 plurima
534 3755 569 3808 de
587 3753 643 3807 hac
660 3769 690 3807 re
709 3751 826 3822 collegit
839 3750 980 3804 Ruhnken
999 3751 1036 3805 ad
1050 3749 1159 3803 Timaei
1178 3742 1242 3803 Lex'.
1258 3748 1331 3804 Plat.
1351 3767 1373 3804 s.
1387 3767 1412 3802 v.
1430 3747 1565 3818 ἀγείρειν,

256 3852 348 3906 pauca
375 3835 546 3889 addiderunt
569 3833 681 3889 hoheck
699 3833 834 3904 Αρῑοογιίι.
853 3849 880 3901 p.
901 3836 953 3885 814
976 3833 1034 3884 not.
1049 3847 1085 3900 p,
1113 3828 1257 3884 Hermann
1282 3829 1481 3884 Godcedr‘csrstl.
1496 3827 1566 3883 Ait)

256 3922 329 3983 ἐδτι,
342 3922 382 3970 14.
421 3914 459 3970 Cf.
481 3916 568 3970 etiam
585 3913 677 3968 Hiller
695 3931 748 3968 von
768 3911 937 3982 Glirtringen
961 3927 1005 3980 ap.
1020 3909 1271 3982 Pauly-Wieeowo
1289 3908 1302 3962 I
1320 3927 1347 3979 p.
1363 3914 1416 3963 914
1426 3925 1485 3978 sqq.
1506 3927 1526 3962 e.
1542 3925 1564 3961 v.

256 3994 381 4065 ἀγνρμδς
399 3999 428 4051 et
447 3995 562 4066 Stengel
580 3996 646 4050 ibid.
667 4012 687 4048 e.
702 4011 727 4048 v.
746 3992 875 4062 ἀγύρτης.

290 4091 295 4102 ·
346 4079 373 4146 2)
402 4075 435 4130 of.
455 4076 597 4130 Ruhnken
616 4077 633 4130 l.
648 4093 669 4130 c.
688 4092 716 4144 p.
733 4080 765 4127 11
785 4075 814 4127 et
831 4070 943 4126 Loheclr
958 4071 1020 4142 Αηλ
1035 4088 1063 4139 p.
1079 4075 1130 4123 645
1149 4073 1207 4124 not.
1226 4071 1250 4135 ι’,
1274 4069 1323 4138 qui
1346 4067 1532 4139 proficiscitur
1549 4083 1566 4120 a

256 4157 396 4226 Theophr.
406 4157 481 4211 cher.
496 4156 560 4210 XVI
572 4163 660 4223 neq„
680 4154 714 4208 cf.
730 4157 826 4207 temen
839 4167 912 4220 quae
926 4165 1016 4219 nuper
1030 4150 1065 4203 de
1079 4149 1207 4205 hocloco
1223 4149 1379 4220 disputavit
1393 4148 1424 4204 Ο.
1435 4147 1565 4202 Immisch

257 4237 287 4292 in
306 4237 430 4292 editione
449 4237 589 4308 Lipsiensi
607 4254 635 4305 p.
652 4241 751 4304 129sq.

347 4321 373 4388 3)
401 4318 472 4372 Plat.
493 4319 561 4388 ch.
580 4317 606 4370 Π
626 4315 708 4370 364Β
736 4313 882 4383 ἀγύρται
909 4311 940 4366 δέ
964 4312 1013 4365 καλ
1036 4309 1149 4379 μάντεις
1174 4310 1229 4364 ἐπὶ
1256 4307 1429 4365 πλουσίαν
1456 4309 1567 4377 θύρας

258 4395 369 4460 ἰόντες
387 4397 539 4454 πείθουσιν
553 4399 591 4459 ὡς
610 4397 666 4452 ἔστι
684 4393 762 4462 παρὰ
781 4390 861 4461 σφίσι
880 4391 999 4459 δύναμις
1018 4391 1049 4446 ἐκ
1067 4393 1143 4444 θεῶν
1157 4388 1325 4460 ποριζομένη
1343 4387 1462 4453 θυσίαις
1476 4407 1506 4442 τε
1520 4387 1567 4440 sal

258 4477 392 4550 ἐπῳδαῖς,
418 4477 471 4534 εἴτε
494 4499 521 4533 τι
544 4474 669 4546 ἀδίκημά
692 4494 742 4528 τοο
762 4471 875 4544 γέγονεν
895 4471 982 4526 αὐτοῦ
1001 4467 1019 4538 ἢ
1037 4468 1193 4540 προγόνων,
1213 4472 1348 4524 ἀκεῖσθαι
1367 4465 1435 4538 μεθ’
1456 4467 1566 4537 ἡδονῶν

257 4577 286 4612 τε
305 4558 352 4612 καὶ
373 4558 475 4625 ἑορτῶν
495 4558 545 4615 ἐάν
563 4557 593 4612 τέ
610 4552 667 4610 τιν’
688 4554 793 4624 ἐχθρὸν
812 4559 939 4622 πημῆναι
958 4549 1056 4623 ἐθέλῃ,
1082 4550 1150 4619 μετὰ
1169 4559 1292 4619 σμικρῶν
1311 4555 1448 4605 δαπανῶν
1467 4545 1568 4616 δμοίως

259 4634 371 4692 δίκαιον
389 4637 479 4710 ἀδίκῳ
498 4638 615 4710 βλάψαι,
634 4637 793 4704 ἐπαγωγαῖς
811 4649 865 4686 τισι
884 4631 933 4686 καί
951 4630 1136 4700 καταδέσμοις
1153 4631 1220 4694 τοὺς
1237 4631 1333 4696 θεούς,
1351 4627 1389 4691 ὥς
1407 4645 1488 4698 φασι,
1508 4625 1566 4682 πεί-

258 4715 360 4780 θοντές
378 4735 474 4786 σφισιν
493 4720 648 4788 ὑπηρετεῖν.

347 4799 375 4867 4)
403 4797 437 4852 cf.
453 4815 475 4852 e.
487 4817 513 4868 g.
529 4797 601 4853 Plat.
616 4799 686 4866 Rap.
700 4796 726 4850 Π
741 4792 823 4849 3811)
842 4788 909 4863 μηδ’
926 4792 956 4847 ἐν
974 4800 1033 4853 τοῖς
1051 4791 1144 4852 ἀλλοις
1162 4790 1314 4860 ποιήμασιν
1333 4785 1565 4860 είσοιγέτωἭρατ

258 4875 446 4949 ἠλλοιωμένην
465 4880 502 4941 ὡς
521 4877 625 4946 ἱέρειαν
642 4877 819 4946 ἀγείρουσαν.
