3434 5464
643 349 807 406 RHODIAE
825 369 852 404 n.
870 356 920 406 uo
1370 353 1433 418 361

180 515 262 580 αὐτὸ
286 511 405 600 τενεΙοι.
422 537 477 581 ,ον
502 516 728 593 διαδεξάμενοτ
750 567 778 578 ..
801 517 1027 582 saracenicae
1048 514 1283 604 ἀποτειΙνέτίω)
1309 518 1430 582 ΝΕΡΔ.

123 621 356 688 lemovicos·
386 621 642 707 [ἐπα]νγελλέτω
671 624 707 688 δὲ
731 623 750 687 ὁ
775 617 918 710 χρήλΙζων
942 625 994 688 ἐπὶ
1021 620 1108 710 τ(ὸ)ν
1134 624 1235 708 [ἱερέα
1262 629 1319 690 τᾶ(
1346 624 1436 690 Ἀθά-

90 743 94 752 ·
184 727 272 812 ν]ατ·
294 733 361 793 τῶν
385 731 421 794 δὲ
445 727 704 816 χοραίγητάντων
735 780 920 794 .........
929 736 982 796 δε(
1005 733 1043 795 τὸ
1063 731 1191 811 γράμμα
1209 732 1229 795 ὁ
1248 727 1360 819 ἱελρεὺτ
1379 737 1438 796 τοῦ

184 835 348 901 Διονύσου
372 834 516 921 [φερέτω
539 834 606 920 ἐ]πὶ
630 838 686 901 τὸν
711 842 877 916 γραμματῆ
899 835 903 922 Ι
923 843 990 902 τῶν
1014 838 1160 917 scapos
1182 877 1227 884 —
1254 877 1298 884 —
1328 877 1372 884 —
1397 875 1436 884 —-

186 940 258 1028 (tres
280 965 383 1008 versus
407 967 427 1008 ο
449 949 554 1008 Rossio
576 941 769 1030 indicantur).

223 1125 375 1196 Quantum
397 1128 429 1185 in
452 1129 561 1186 misera
583 1146 661 1187 nunc
685 1127 768 1186 tituli
791 1127 962 1187 condicione
986 1128 1112 1188 iudicari
1129 1131 1237 1205 potest,
1261 1129 1336 1188 duae
1355 1131 1441 1188 erant

128 1227 233 1300 partes
261 1224 331 1284 eius.
378 1223 503 1300 Primis,
531 1225 567 1284 de
595 1243 654 1302 qua
677 1229 708 1285 et
729 1225 914 1284 restituenda
937 1227 968 1286 et
993 1226 1220 1303 interpretanda
1244 1226 1441 1287 Schumaoher

128 1327 161 1382 et
181 1322 393 1400 Dittenberger
415 1326 527 1400 optime
550 1324 649 1383 meriti
672 1327 750 1398 sunt,
774 1327 985 1403 argumentum
1004 1325 1117 1384 clarum
1138 1328 1195 1384 est:
1219 1325 1300 1402 apud
1318 1324 1440 1384 Lindios

127 1422 297 1496 antiquitus
317 1413 358 1502 (τ.
380 1415 435 1504 14)
460 1422 594 1498 Dionyso
614 1421 764 1482 Sminthia
782 1425 945 1482 certamina
964 1422 1139 1501 agebantur,
1160 1442 1285 1500 quorum
1305 1426 1440 1500 sumptus

127 1519 250 1596 choregi
273 1540 288 1579 e
312 1519 426 1578 civibus
450 1521 542 1580 oresti
565 1519 743 1580 tolerabant.
782 1521 849 1580 Iam
872 1540 939 1580 oum
961 1523 1116 1582 universus
1140 1522 1324 1582 Rhodiorum
1346 1541 1439 1599 popu·

126 1617 176 1675 lue
200 1609 276 1697 (κθ
302 1613 317 1676 ὁ
340 1616 459 1694 σύμπας
482 1611 601 1700 δᾶμος),
624 1618 675 1696 qui
697 1620 771 1678 item
795 1618 944 1680 Smintbia
967 1611 1195 1701 celebrabst¹⁷)‚
1222 1620 1261 1679 aei
1283 1620 1437 1700 eboregiae

128 1734 255 1774 munera
277 1717 503 1793 peregrinorum
527 1736 645 1793 quoque
669 1735 759 1794 opera
782 1716 827 1776 uti
855 1719 1001 1794 coepisset
1023 1710 1065 1800 (v.
1086 1709 1135 1799 9),
1163 1717 1264 1777 Lindii
1287 1720 1347 1796 ipsi
1370 1738 1441 1795 quo·

130 1832 187 1890 que
220 1815 340 1889 praeter
371 1815 450 1874 cives
483 1816 625 1893 choragos
657 1835 756 1875 creare
784 1818 1003 1876 constituerunt
1031 1815 1104 1876 alios
1132 1835 1182 1876 sex
1211 1815 1382 1894 peregrinos
1410 1813 1442 1876 ἐκ

129 1919 190 1970 τῶν
212 1909 428 1973 κατοικούντων
450 1910 500 1972 καί
523 1912 729 1993 γεωργεύντων
752 1911 785 1974 ἐν
803 1912 916 1997 Λινὸίμ
939 1912 1021 1975 πόλει
1043 1917 1063 1973 i.
1080 1934 1103 1973 a.
1123 1933 1139 1974 e
1161 1915 1312 1989 metoecis,
1335 1917 1387 1991 qui
1409 1914 1441 1972 in

130 2011 198 2085 ipsa
225 2009 400 2069 Lindiorum
428 2011 551 2071 civitate
579 2011 691 2072 diutius
720 2012 921 2072 consederant.
929 2005 967 2094 18)
1018 2011 1165 2074 Metoecos
1194 2013 1284 2072 etiam
1312 2015 1343 2071 in
1372 2013 1440 2072 aliis

132 2105 313 2167 Graecorum
346 2110 520 2170 civitatibus
549 2111 631 2170 velut
659 2109 785 2171 Athenis
818 2111 972 2189 eboregiae
1004 2130 1110 2170 munus
1142 2112 1305 2187 suscepisse
1337 2113 1441 2170 notum

132 2209 186 2265 est.
210 2238 254 2247 —
278 2205 312 2264 In
341 2208 438 2267 altera
464 2211 549 2284 parte
578 2208 674 2282 tituli,
703 2207 739 2266 de
768 2229 827 2285 qua
850 2209 951 2287 frgs
975 2213 1121 2286 superest,
1148 2209 1267 2287 singula
1295 2208 1441 2285 quaedam

132 2306 300 2364 accuratius
328 2307 469 2365 constitui
498 2306 638 2366 videntur
665 2307 748 2366 velut
775 2307 811 2366 de
838 2306 1007 2366 nominibus
1031 2308 1239 2367 choreutarum
1262 2305 1440 2380 deferendis3

131 2401 260 2462 maxime
273 2403 381 2461 notatu
394 2403 518 2483 <iignum
533 2408 579 2464 est
596 2405 645 2464 hic
663 2405 756 2464 etiam
768 2405 919 2465 Minervae
938 2406 1120 2466 sacerdotem
1139 2423 1292 2482 apparere,
1310 2422 1439 2465 conexus

131 2504 233 2560 temen
256 2504 473 2562 sententiarum
495 2503 614 2564 restitui
636 2521 723 2580 posse
746 2522 805 2562 non
828 2503 953 2564 videtur.

219 2599 330 2674 Apollo
355 2597 521 2660 Sminthius
548 2621 666 2660 murum
693 2601 866 2661 interfector
893 2603 1066 2663 notissimus
1098 2605 1156 2677 est,
1188 2601 1312 2661 Lindios
1340 2603 1440 2661 sutem

133 2695 283 2756 Sminthia
296 2697 429 2775 Dionyso
444 2699 638 2760 celebravisse
651 2699 701 2759 hic
715 2701 823 2760 titulus
837 2703 917 2760 certo
931 2704 1069 2776 testetur,
1088 2719 1123 2761 ao
1137 2719 1173 2760 ne
1189 2700 1267 2776 apud
1281 2699 1440 2776 scriptores

133 2794 253 2870 quidem
277 2798 357 2855 certa
381 2798 445 2856 eius
468 2797 512 2857 rei
535 2800 664 2876 vestigia
684 2799 799 2873 desunt,
823 2799 859 2857 cf.
878 2798 1018 2876 Apollon.
1037 2799 1105 2859 Lex.
1125 2799 1243 2859 Homer.
1264 2818 1285 2858 s.
1300 2817 1327 2857 v.
1348 2799 1439 2876 Σμιν·

131 2897 205 2952 Dat·
230 2890 369 2953 ἐπίθετον
392 2893 572 2968 Ἀπόλλωνος
594 2893 668 2955 κατὰ
691 2894 742 2956 τὸν
762 2890 949 2976 Ἀρίσταρχον
971 2894 1029 2958 ἀπὸ
1053 2894 1164 2969 πόλεως
1190 2899 1322 2974 Τρωικῆς
1345 2894 1440 2972 Σμίν-

131 2995 193 3069 erp
216 2989 410 3070 καλουμένης,
434 2989 450 3054 ὅ
474 2989 506 3054 tl
525 2987 637 3055 Ἀπίων
660 2991 718 3054 ἀπὸ
742 3001 801 3054 τῶν
824 3002 909 3071 μυῶν
931 2995 961 3054 οἳ
985 2995 1109 3073 σμίνθοι
1132 2998 1298 3054 καλοῦνται.
1335 2991 1385 3053 καὶ
1408 2989 1440 3053 ἐν

127 3081 216 3171 Ῥόδῳ
240 3089 377 3166 Σμίνθια
409 3088 508 3171 ἑορτή,
542 3090 586 3152 ὅτι
613 3100 672 3152 τῶν
699 3101 783 3170 μυῶν
812 3112 880 3152 ποτε
908 3090 1133 3172 λυμαινομένων
1160 3091 1211 3152 τὸν
1239 3089 1353 3172 καρπὸν
1381 3098 1440 3150 τῶν

131 3183 270 3264 ἀμπέλων
285 3186 460 3248 Ἀπόλλων
482 3187 541 3249 καλ
559 3187 736 3262 Διόνυσος
760 3187 937 3269 διέφθειραν
960 3187 1011 3263 τὰς
1034 3189 1111 3268 μύας
1130 3193 1160 3250 et
1179 3190 1286 3248 Athen.
1301 3191 1328 3248 X
1343 3189 1439 3249 44513

129 3279 256 3357 Ἀνθέας
279 3281 311 3346 δὲ
335 3281 351 3344 ὁ
370 3285 496 3358 Λίνδιος
515 3279 555 3329 ’-
576 3321 619 3329 -
639 3287 678 3360 ὥς
701 3305 777 3366 φησι
798 3288 1002 3366 Φιλόμνηστος
1024 3287 1057 3348 ίν
1079 3293 1118 3371 τῷ
1138 3285 1204 3367 περὶ
1228 3297 1286 3348 τῶν
1304 3285 1337 3348 ἐν
1350 3280 1440 3370 Ῥόδῳ

133 3383 308 3460 Σμινθείων
330 3417 375 3425 -
398 3417 440 3426 -
465 3418 507 3426 -
531 3385 628 3444 πάντα
650 3385 701 3447 τὸν
724 3386 792 3464 βίον
814 3385 1023 3464 ἐδιονυσίαζεν,
1046 3385 1158 3465 ἐσθῆτά
1185 3407 1214 3446 τε
1237 3383 1441 3461 Διονυσιακὴν

135 3489 239 3559 φορῶν
261 3479 311 3540 καί
329 3481 457 3555 πολλοὺς
476 3480 592 3564 τρέφων
610 3483 799 3563 συμβάκχους
817 3488 875 3543 κτλ.
912 3485 948 3543 ld
966 3485 1060 3544 solum
1080 3484 1191 3562 ambigi
1211 3487 1318 3562 potest,
1339 3487 1439 3542 utrum

134 3579 267 3656 Dionyso
291 3583 343 3639 uni
366 3601 403 3640 an
427 3585 458 3640 et
477 3581 609 3658 Dionyso
633 3585 663 3641 et
683 3581 815 3658 Apollini
838 3583 993 3642 sollemnia
1015 3583 1070 3642 ills
1093 3583 1235 3643 celebrari
1258 3583 1348 3643 solita
1370 3583 1439 3641 sint.

135 3678 261 3754 Tilmpel
288 3677 369 3754 inde,
398 3679 476 3755 quod
504 3680 582 3755 apud
606 3680 800 3755 Apollonium
823 3681 910 3741 ambo
934 3681 964 3741 di
987 3683 1254 3741 commemorantur
1277 3685 1307 3742 et
1330 3681 1439 3757 Apollo

135 3776 252 3852 quidem
286 3777 384 3852 priore
411 3778 489 3853 loco,
522 3779 601 3854 apud
628 3779 709 3854 ipsos
737 3778 867 3838 Rhodios
895 3780 1044 3856 Apollinis
1071 3782 1184 3856 primas
1211 3783 1312 3856 partes
1339 3779 1440 3852 fuisse,

207 3987 250 4052 1⁷)
278 3983 308 4037 id
328 3984 451 4052 quidem,
471 3984 495 4037 si
514 4002 538 4038 v.
554 3989 569 4037 9
590 3983 742 4054 Σμινθίοις
762 3987 837 4043 reete
856 3984 1017 4054 suppletum
1037 3989 1087 4051 est,
1106 3989 1222 4053 eertum,
1241 3985 1291 4040 sed
1310 3985 1397 4039 etiam
1416 3985 1440 4039 si

134 4063 191 4117 alia
208 4079 261 4116 vox
280 4063 327 4118 hic
345 4064 443 4129 lateat,
466 4065 525 4118 veri
549 4067 643 4119 tamen
667 4064 855 4133 simillimum,
879 4065 1012 4134 qnoniam
1035 4067 1102 4120 fasti
1121 4065 1224 4120 Rhodii
1247 4067 1293 4120 vix
1316 4080 1440 4119 inensem

135 4143 305 4197 Sminthium
324 4144 502 4210 exhiberent,
526 4145 581 4198 nisi
600 4145 629 4198 in
647 4145 716 4199 urbe
735 4146 798 4215 ipss
817 4145 990 4200 Rhodiorum
1008 4145 1095 4201 leriae
1114 4147 1188 4201 unde
1206 4162 1307 4200 nornen
1327 4146 1442 4200 duceret

134 4227 215 4279 actae
234 4228 334 4279 essent.
372 4225 490 4280 Accedit
513 4226 588 4294 quod
612 4243 667 4281 non
692 4228 775 4281 modo
793 4227 889 4292 Lindi,
912 4225 962 4280 sed
985 4226 1071 4281 etiam
1090 4227 1120 4280 in
1135 4228 1211 4282 ¹urbe
1230 4226 1328 4281 Rhodo
1346 4225 1441 4282 locum

134 4305 247 4359 nomine
262 4301 406 4374 Σμίνθιον
426 4303 513 4360 fuisse
532 4304 617 4360 refert
632 4305 722 4361 Strab.
737 4306 802 4360 xm
815 4325 841 4377 p.
853 4312 912 4362 606.
942 4307 1065 4372 Quorum
1079 4307 1303 4362 testimoniorum
1321 4306 1443 4361 auetori-

134 4387 224 4440 tatoni
238 4385 342 4440 frustra
356 4401 420 4440 mea
434 4385 550 4454 quidem
564 4387 704 4441 sententia
717 4403 857 4442 removere
872 4391 989 4442 conatus
1003 4391 1046 4442 est
1061 4388 1259 4458 Dittenberger
1273 4388 1300 4457 (l.
1311 4405 1333 4444 o.
1348 4405 1375 4458 p.
1388 4389 1440 4457 1²),

135 4464 256 4534 iissre,
276 4466 351 4535 quod
369 4466 473 4521 Rhodii
492 4466 572 4520 binas
590 4466 662 4522 alias
680 4467 764 4522 ferias
782 4466 907 4536 Dionyso
926 4469 1081 4523 celebrasse
1100 4471 1207 4523 certum
1226 4471 1281 4522 est:
1307 4467 1442 4536 Dionysia

135 4549 164 4600 et
184 4546 363 4601 Anthesteria
386 4546 451 4616 (vid.
472 4547 505 4602 de
529 4547 572 4602 bis
597 4563 668 4618 quae
692 4549 821 4618 exposuit
842 4548 876 4602 D.
895 4566 923 4617 p.
939 4551 1050 4618 7-10),
1075 4566 1131 4603 non
1154 4548 1260 4603 sufficit
1281 4552 1314 4602 nt
1342 4548 1441 4603 tertias

134 4629 280 4696 praeterea
306 4626 392 4682 ferias
416 4627 507 4682 eidem
530 4628 582 4684 deo
606 4630 670 4682 acts
692 4643 752 4682 esse
779 4645 925 4698 negemus;
954 4632 1077 4685 ceterum
1100 4628 1204 4684 ltbodii
1227 4646 1278 4683 sua
1301 4627 1442 4682 Sminthia

135 4707 253 4762 fortasse
271 4707 396 4778 Apollini
415 4708 545 4778 agebant.
1001 4708 1004 4716 “

208 4791 252 4858 18)
279 4791 355 4842 recte
374 4789 477 4842 statuit
495 4788 683 4843 Sohumscher
701 4790 755 4858 (De
773 4805 828 4858 rep.
844 4789 933 4844 stou.
952 4808 979 4859 p.
995 4793 1086 4860 35sq.)
1106 4789 1167 4844 coll.
1183 4806 1205 4844 e.
1217 4807 1243 4860 g.
1259 4789 1336 4844 tituli
1355 4787 1439 4843 Sestii

136 4869 261 4938 (Hermes
279 4868 329 4922 VII
348 4887 374 4938 p.
392 4874 507 4938 lltsqq.
524 4896 557 4915 =
572 4868 676 4924 Michel
690 4871 752 4938 827)
770 4887 794 4922 r.
811 4873 844 4922 λδ
851 4887 910 4940 sqq.
926 4871 959 4924 οὐ
978 4868 1065 4939 μόνον
1083 4879 1139 4925 τῶν
1156 4872 1276 4925 πολιτῶν
1295 4870 1367 4943 [καί]
1386 4877 1441 4924 τῶν

138 4947 228 5004 ἄλλων
247 4957 302 5004 τῶν
321 4949 528 5004 κατοικούντων
546 4949 597 5020 τὴν
615 4947 698 5005 πόλιν
717 4947 785 5004 ἀλλὰ
804 4950 851 5004 καί
870 4959 925 5006 τῶν
943 4949 1212 5022 παρεπιδημούντων
1231 4949 1325 5016 ξένων.
