3450 5458
697 305 853 361 suumin
871 324 898 360 n.
915 312 957 359 su
1091 266 1092 270 Ν
1438 308 1481 373 93

166 477 277 538 titulus
301 479 409 536 utitur:
432 475 464 536 οἱ
484 473 827 553 Auruncaeque
851 475 1040 546 διοικοῦντες.
1082 476 1144 536 Nec
1162 496 1232 536 vero
1252 477 1384 550 dubium,
1407 480 1481 554 quin

167 575 226 635 tali
248 575 475 652 hieropoeorum
500 575 626 652 collegio
655 576 717 634 iam
740 577 809 634 ante
832 573 1003 652 Lycurgum
1026 574 1099 634 haec
1122 593 1194 634 oure
1215 575 1358 634 mandata
1381 577 1481 650 fuerit,

167 691 223 734 neo
241 672 278 732 de
296 692 333 734 ea
350 692 382 733 re
401 674 472 732 novi
490 673 652 750 quicquam
671 673 726 733 hoc
740 672 858 732 decreto
872 672 1044 731 institutum
1063 691 1125 732 esse
1140 673 1266 748 ridetur,
1287 672 1366 751 quod
1380 677 1480 751 potius

167 772 208 830 ad
235 773 369 848 ipsorum
398 790 548 832 sacrorum
576 771 710 830 ordinem
740 773 879 847 pertinet.
926 769 1012 830 (llere
1037 772 1115 829 enim
1139 791 1158 830 a
1180 771 1296 831 duobus
1320 771 1480 848 sacrificiis,

168 889 246 946 quae
277 867 415 949 καθάπερ
447 866 591 950 πρότερον
623 869 760 928 facienda
791 871 862 928 sunt
893 861 934 950 (v.
960 863 1080 952 Ssqq.),
1112 869 1308 948 distinguntur
1339 891 1481 948 magnum

167 967 348 1028 sacrificium
380 968 420 1026 ad
450 986 592 1048 magnam
625 986 709 1026 aram
740 967 892 1026 Minervae
923 986 1064 1044 aramque
1091 966 1244 1027 Victoriae
1273 968 1480 1028 celebrandum

168 1059 372 1148 (v.16sqq.),
396 1066 432 1125 de
455 1083 514 1142 quo
537 1066 684 1143 populum
706 1084 785 1126 nova
808 1065 956 1142 quaedam
980 1067 1143 1126 decrevisse
1167 1069 1311 1142 sequitur.

258 1173 383 1232 Illorum
415 1173 545 1232 alterum
576 1172 612 1231 fit
643 1173 797 1232 Minervae
814 1165 947 1252 ’1)ιείαι,
983 1173 1107 1232 alterius
1143 1175 1243 1232 autem
1275 1174 1348 1234 haec
1379 1193 1481 1252 super-

167 1275 239 1332 simt
265 1269 320 1349 τὴν
348 1269 382 1332 ἐν
407 1279 460 1330 τῶι
488 1267 526 1350 cip
539 1316 839 1329 ............
854 1267 961 1349 μένην,
990 1272 1026 1331 de
1054 1271 1161 1347 quibus
1189 1273 1361 1349 supplendis
1388 1275 1481 1333 etiam

167 1389 248 1430 nunc
278 1369 337 1430 viri
369 1369 451 1430 docti
483 1369 666 1430 dimentiunt
693 1363 768 1452 (not.
793 1363 828 1451 3)
861 1388 914 1429 nec
946 1371 1011 1446 ipse
1043 1370 1131 1446 plane
1160 1374 1257 1431 certus
1289 1391 1364 1431 sum.
1414 1371 1480 1431 Uti-

168 1487 226 1544 que
253 1469 290 1544 ii,
323 1467 375 1545 qui
403 1468 644 1544 supplementum
676 1465 709 1526 ἐν
735 1475 788 1527 τῶι
815 1461 953 1548 &pstulat
979 1475 1049 1528 νεῶι
1080 1467 1164 1528 brevi
1191 1487 1281 1529 manu
1289 1463 1326 1552 11)
1359 1472 1482 1547 propter

167 1567 418 1644 praepositionem
449 1564 482 1627 ἐν
513 1569 680 1626 reiecerunt
707 1565 938 1644 Rangabemque
966 1567 1064 1626 secuti
1091 1564 1124 1627 ἐν
1151 1575 1204 1627 τῶι
1229 1561 1357 1648 Ἀρ[είωι
1384 1567 1481 1648 πάγαι

167 1667 319 1743 legerunt,
352 1667 472 1740 quantis
500 1664 729 1725 difficultatibus
756 1681 810 1724 sua
841 1665 974 1740 ipsorum
1005 1665 1094 1725 lectio
1123 1665 1251 1725 obnoxie
1278 1669 1368 1743 esset,
1400 1667 1480 1727 iusto

166 1765 264 1843 magis
296 1764 497 1842 neglexerunt.
543 1763 616 1823 Fuit
647 1781 718 1823 sene
744 1762 777 1821 iu
799 1763 957 1842 Areopago
990 1780 1043 1822 ara
1073 1755 1206 1842 Ἀθηνᾶς
1230 1758 1362 1844 Ἀρείας,
1391 1784 1480 1841 quam

168 1859 291 1922 &estes
318 1861 474 1922 absolutus
503 1861 653 1922 dedicasse
676 1862 786 1921 dicitur
808 1859 910 1942 (Paua.
930 1861 946 1919 I
966 1861 1016 1936 28,
1031 1854 1076 1942 5),
1104 1862 1155 1922 sed
1183 1882 1235 1922 cur
1262 1863 1481 1923 Panathenaeis

166 1963 199 2020 in
231 1961 288 2020 hac
320 1979 373 2020 ara
404 1961 582 2021 sacrificium
611 1961 744 2020 oblatum
776 1962 930 2037 putemus,
968 1979 1089 2019 caueam
1121 1979 1180 2020 non
1213 1960 1299 2021 video
1332 1963 1479 2022 idoneam.

167 2059 264 2118 Immo
297 2077 350 2118 suo
382 2061 447 2118 iure
478 2059 514 2116 A.
537 2059 702 2118 Mommsen
734 2076 852 2118 carnem
880 2077 915 2116 ex
951 2076 1004 2118 ara
1035 2059 1187 2137 Areopagi
1218 2059 1377 2120 Furiarum
1404 2063 1481 2120 seori

167 2157 379 2232 sollemnibus,
411 2176 538 2234 qnorum
569 2157 625 2217 hae
656 2175 777 2234 prorsus
806 2159 892 2215 erant
915 2157 1062 2231 expertes,
1090 2156 1230 2216 distribui
1257 2160 1390 2234 potuisse
1417 2159 1480 2218 veri

167 2255 311 2316 dissimile
338 2255 496 2331 iudicarit,
524 2258 604 2316 recte
630 2255 807 2332 Doerpfeld,
839 2255 980 2331 quoniam
1009 2254 1045 2313 de
1072 2255 1155 2314 feriis
1183 2254 1255 2314 deae
1284 2258 1359 2316 arcis
1388 2258 1480 2317 saeris

168 2356 320 2433 ageretur,
357 2353 393 2413 de
425 2353 569 2415 sacrificio
606 2355 639 2413 in
673 2372 739 2412 aree
771 2355 838 2429 ipsa
869 2354 949 2412 facto
982 2351 1175 2431 cogitandum
1208 2355 1331 2414 censuit.
1386 2355 1479 2414 Porro

167 2453 251 2526 inde,
282 2453 362 2529 quod
393 2452 451 2511 dno
479 2452 597 2512 diversa
624 2452 769 2512 sacrificia
796 2471 856 2510 una
883 2455 984 2510 tamen
1011 2453 1146 2510 carnium
1174 2451 1346 2512 distributio
1375 2471 1479 2530 seque-

167 2551 270 2626 batur,
301 2551 357 2611 illa
388 2553 564 2628 propinquis
596 2551 668 2610 loeis
701 2549 719 2608 i.
744 2569 767 2608 e.
789 2553 948 2626 utrumque
977 2550 1010 2607 in
1038 2567 1104 2608 erce
1132 2550 1213 2609 facta
1241 2569 1304 2610 esse
1336 2569 1481 2627 apparere

167 2649 243 2708 mihi
274 2649 401 2709 videtur
455 2649 520 2709 Iam
552 2668 622 2710 vero
655 2652 712 2723 est,
745 2667 803 2724 quo
835 2648 1075 2725 supplementum
1109 2643 1141 2706 ἐν
1173 2655 1225 2707 τῶι
1253 2644 1377 2727 deputor
1408 2657 1478 2708 νεῶι

168 2747 403 2824 commendetur,
435 2747 599 2808 rectissime
625 2749 711 2806 'enim
737 2747 901 2806 Mommsen
931 2746 1102 2806 observarit
1128 2745 1288 2805 Erechthei
1315 2745 1479 2807 Minervae-

167 2864 225 2922 que
257 2845 290 2905 in
322 2849 447 2922 antiquo
479 2846 592 2924 templo
624 2847 746 2920 cultum,
780 2846 840 2905 nisi
870 2846 927 2904 hoc
956 2845 1021 2905 loco
1053 2845 1262 2920 respiceretur,
1295 2847 1416 2906 omnino
1447 2849 1479 2906 in

167 2944 259 3003 titulo
288 2963 347 3003 non
374 2945 599 3006 commemorari
625 2963 680 3004 nec
710 2947 811 3002 tamen
839 2944 902 3002 veri
934 2943 1031 3003 simile
1064 2961 1126 3002 esse
1159 2945 1369 3003 caerimoniam
1397 2945 1479 3004 illiue

166 3044 323 3120 propriam
341 3042 560 3103 Panathenaeis
577 3042 741 3103 minoribus
761 3042 897 3102 defuisse.
929 3041 1074 3100 Attamen
1096 3042 1304 3118 supplemento
1322 3044 1370 3102 illi
1388 3063 1479 3102 uuum

166 3140 270 3202 obstat
293 3144 324 3201 et
346 3145 503 3221 repugnat,
527 3143 575 3200 cui
598 3140 810 3218 Dittenberger
833 3159 886 3200 suo
909 3142 973 3198 iure
996 3141 1124 3200 insistit:
1149 3141 1180 3198 in
1208 3159 1261 3200 ara
1289 3144 1372 3201 ante
1405 3145 1479 3200 tem·

165 3239 252 3318 plum
284 3239 357 3314 sita,
388 3259 449 3300 non
480 3241 516 3298 in
544 3240 656 3316 templo
684 3239 908 3300 sacrificabatis
919 3229 958 3319 12)
986 3255 1081 3314 neque
1105 3238 1201 3298 adhuc
1223 3238 1347 3298 liberior
1369 3241 1401 3299 in
1424 3240 1480 3300 heo

164 3357 199 3397 re
228 3341 372 3398 sermonis
400 3357 470 3397 usne
498 3339 585 3398 certis
614 3338 757 3415 exemplis
784 3337 954 3398 confirmari
981 3337 1089 3413 potuit.
1134 3336 1241 3414 Itaque
1271 3357 1308 3396 ne
1335 3339 1391 3399 hoo
1415 3339 1478 3415 qui-

165 3435 233 3495 dem
263 3436 502 3512 supplementum
525 3455 630 3496 rerum
656 3454 719 3496 esse
746 3438 853 3513 potest.
890 3429 904 3517 )
949 3434 1143 3511 Relinquitur
1169 3435 1201 3495 ni
1228 3435 1318 3496 fallor
1344 3439 1380 3496 ut
1408 3440 1479 3497 sori-

164 3535 272 3594 bamus
305 3532 338 3594 ἐν
365 3541 416 3594 τῶι
443 3528 581 3616 dichorius
612 3534 705 3614 ἱερῶις
738 3553 808 3594 nam
835 3535 892 3594 etsi
923 3533 1011 3593 huius
1039 3535 1120 3593 vocis
1151 3535 1318 3611 exemplum
1346 3536 1479 3611 proferre

164 3650 296 3710 nequeo,
335 3635 436 3693 tamen
473 3635 551 3693 sicut
586 3629 706 3714 ἀρχαῖος
742 3631 830 3709 νεώς,
870 3629 994 3714 ἀρχαῖον
1030 3627 1146 3712 ἄγαλμα
1183 3632 1349 3709 dicebatur,
1387 3635 1479 3694 etiam

165 3727 291 3808 ἀρχαῖον
318 3729 397 3812 ἱερόν
420 3731 480 3791 dici
506 3732 638 3808 potuisse
665 3751 725 3792 non
748 3731 834 3791 video
863 3749 915 3789 cur
942 3749 1091 3808 negemus.
1139 3729 1217 3790 Sane
1243 3733 1288 3791 ite
1315 3732 1406 3792 semel
1429 3732 1479 3792 lit·

165 3833 263 3890 teram
289 3826 295 3888 Ι
320 3832 405 3889 extra
426 3829 559 3889 ordinem
583 3827 719 3889 additum
741 3830 834 3890 iiiisse
857 3829 1075 3889 concedendum
1098 3831 1152 3903 est,
1175 3828 1281 3889 sedin
1304 3850 1391 3890 versu
1414 3832 1479 3908 qui·

165 3928 235 3988 dem
258 3929 392 4004 proxime
416 3927 607 3988 antecedente
630 3927 662 3986 id
684 3928 826 3989 accidisse
849 3947 950 3988 omnes
974 3929 1163 3987 consentiunt
1185 3947 1280 4005 neque
1304 3930 1425 3989 omnino
1448 3928 1481 3989 id

164 4044 237 4086 raro
260 4024 371 4085 accidst
394 4017 469 4107 (not.
490 4017 533 4108 2).
575 4025 687 4102 Utique
709 4027 847 4086 lacunam
870 4029 902 4084 iu
925 4029 1009 4085 textu
1032 4027 1199 4103 relinquere
1222 4028 1316 4086 satius
1340 4025 1419 4085 duxi.

256 4123 309 4198 Iis,
331 4142 406 4200 quae
424 4144 452 4184 v.
470 4126 584 4201 lOsqq.
601 4124 637 4184 de
657 4124 866 4185 distributione
885 4125 1019 4184 carnium
1044 4125 1172 4201 populus
1191 4125 1331 4200 decrerit,
1350 4127 1479 4184 auctori-

165 4226 263 4284 tatem
290 4221 476 4302 singidonum
508 4225 738 4300 magistratuum
770 4223 921 4301 publicam
950 4223 1051 4282 metiri
1078 4241 1137 4300 quo
1163 4225 1325 4300 proclivius
1354 4226 1411 4298 est,
1444 4243 1478 4284 eo

227 4381 338 4388 --..-.--
352 4382 380 4387 ψ...

241 4493 285 4561 11)
304 4508 328 4546 e.
343 4509 370 4562 g.
390 4491 536 4546 Michaelis
555 4493 697 4548 cerbero
715 4493 740 4547 d.
756 4493 839 4548 Arois.
855 4494 923 4547 Iasi.
939 4490 1016 4547 XVII
1034 4511 1061 4561 p.
1077 4497 1111 4546 23
1131 4496 1187 4547 not.
1203 4499 1245 4547 61.

241 4584 285 4652 12)
307 4585 489 4652 praeceptum
512 4581 591 4636 velut
613 4581 759 4636 Fastorum
783 4581 902 4636 Ooorum
925 4580 1016 4652 (Prott
1035 4587 1050 4636 ῶ
1069 4599 1094 4635 v.
1109 4583 1185 4652 8sq.)
1208 4581 1339 4654 ῶό[εται]
1364 4581 1409 4637 ἐπὶ
1431 4589 1478 4636 ται

167 4657 256 4716 ἱστίαι
280 4661 310 4716 ἐι·
327 4669 377 4716 τῶι
400 4669 471 4716 vade
493 4661 529 4716 τὰ
552 4661 655 4731 ἔαδορα
674 4663 722 4718 ια)
742 4660 840 4732 ἐλατὴρ
863 4665 928 4729 ivr,
948 4662 1081 4730 quoniam
1099 4678 1155 4716 non
1174 4662 1209 4716 de
1227 4662 1290 4732 ipsa
1307 4661 1401 4717 hostia
1418 4662 1478 4732 agi-

167 4745 224 4809 tur,
242 4759 343 4812 parum
362 4741 445 4796 valet.

241 4834 286 4902 18)
314 4829 435 4886 alterum
457 4832 534 4901 quod
556 4835 742 4902 proposuerat
764 4830 868 4902 Ussing
891 4833 921 4888 iv
944 4841 993 4886 τῶι
1013 4829 1195 4904 Ἀρ[τεμιτιάι
1217 4831 1383 4904 yssopum
1410 4830 1477 4885 ferri

167 4913 285 4982 nequire
304 4911 361 4966 iam
380 4911 580 4984 Dittenberger
597 4911 703 4983 optime
722 4911 859 4982 ostendit,
877 4916 910 4967 ot
929 4911 1020 4967 verbis
1037 4929 1152 4983 parcere
1171 4912 1264 4968 liceat.
