3424 5462
666 346 853 402 OLBIENSIS
870 365 898 402 n.
913 352 948 402 85

243 513 321 576 robe
343 511 481 576 θύοντα(
505 510 701 590 ἀπάρχεεθαι
723 510 727 594 Ι
748 509 824 596 [ε]ἰε
847 513 905 576 τὸν
929 512 1101 590 θηεαυρόν·

498 619 574 699 βοὸς
598 620 656 696 μὲν
680 616 801 697 χιλῖουε
825 619 1004 683 διακοείουε

496 725 614 803 ἱερείου
624 723 649 807 ¹)
673 727 710 789 δὲ
735 727 787 789 καὶ
811 725 902 801 αἰγὸς
925 725 1123 804 τριακοείουε

153 847 187 897 15
507 853 552 897 .ε.
569 829 675 919 .ooc¹)
700 833 736 897 δὲ
760 833 921 912 ἑξήκοντα.

239 971 287 1029 ΙΠ
309 974 380 1030 ante
405 970 472 1030 chr.
491 991 519 1029 n.
539 971 658 1032 saeculo
678 971 803 1030 titulum
822 976 977 1031 exaratum
996 989 1058 1030 esse
1077 973 1141 1030 veri
1160 971 1257 1030 simile
1277 975 1331 1046 est,
1355 974 1382 1031 si
1401 975 1471 1049 qui-1

148 1068 216 1128 <lem
240 1065 448 1146 Λεοντομένης
466 1063 654 1148 Ἦροσῶντος
678 1061 720 1150 (v.
741 1063 775 1151 9)
809 1071 903 1129 frater
936 1087 998 1128 esse
1030 1068 1150 1128 videtur
1177 1069 1260 1129 illius
1288 1069 1468 1150 Protogenis

149 1166 326 1227 Herosontis
345 1167 375 1240 f,
394 1170 478 1227 cuius
501 1168 611 1226 eximia
634 1167 670 1227 de
691 1186 723 1226 re
746 1167 867 1244 publica
885 1168 1041 1227 laborante
1060 1168 1168 1226 memte
1187 1167 1342 1227 notissimo
1362 1167 1467 1228 Olbiae

149 1265 269 1324 decreto
297 1269 509 1324 enumerantur
537 1258 660 1346 (Michel
690 1267 764 1340 337,
790 1258 876 1342 Syll.8
908 1257 995 1346 226).
1041 1265 1100 1324 Dei
1127 1283 1233 1324 nomen
1263 1284 1323 1324 non
1347 1266 1467 1344 dicitur,

149 1363 201 1422 sed
227 1363 263 1422 de
282 1363 362 1423 Iovis
382 1361 463 1422 Olbii
486 1363 576 1423 sacris
600 1365 650 1442 agi
669 1363 824 1440 probabile
843 1367 896 1422 est.
935 1362 1049 1422 Struvii
1068 1382 1139 1422 sane
1157 1365 1244 1437 ratio,
1268 1366 1321 1439 qui
1343 1363 1375 1422 id
1397 1363 1472 1424 inde·

149 1462 350 1536 concluserat,
378 1461 459 1536 quod
480 1461 586 1520 tabula
609 1480 671 1520 una
694 1480 763 1520 oum
785 1461 867 1522 Iovis
891 1463 988 1537 capite
1011 1462 1134 1521 inventa
1157 1463 1230 1536 erat,
1253 1480 1307 1538 per
1334 1481 1365 1521 se
1393 1464 1473 1522 satis

148 1560 267 1619 lubrica
294 1564 347 1619 est.
394 1558 453 1618 seu
477 1559 593 1620 accedit
615 1559 727 1619 mentio
751 1559 805 1618 illa
832 1561 1088 1635 septemvirorum.
1134 1559 1212 1618 Nam
1237 1560 1290 1635 qui
1313 1560 1473 1636 appellam-

148 1661 200 1716 tur
226 1655 470 1734 ἓπταδεύσαντες,
500 1657 581 1716 haud
610 1657 699 1716 dubie
726 1656 817 1716 iidem
845 1660 916 1717 sunt
943 1660 1034 1733 atque
1062 1656 1094 1716 οἱ
1118 1655 1205 1734 ἑπτά,
1235 1657 1287 1734 qui
1316 1657 1468 1718 decretum

148 1755 238 1815 modo
261 1759 526 1815 commemoratum
550 1774 702 1814 unacum
728 1754 921 1814 archontibus
943 1757 1133 1834 rogaverunt.
1180 1754 1261 1824 Quos
1284 1755 1385 1814 nullas
1407 1756 1466 1815 nisi

150 1871 251 1912 sacras
278 1871 327 1912 res
355 1855 506 1913 amavisse
534 1871 589 1913 neo
616 1856 715 1930 ipsum
741 1872 851 1913 nomen
874 1853 1062 1913 commendat
1088 1872 1142 1912 nec
1164 1854 1221 1914 boc
1247 1854 1339 1913 titulo
1363 1854 1472 1932 colligi.

149 1954 263 2028 potest,
292 1953 436 2027 quoniam
458 1953 654 2030 magistratus
676 1951 827 2028 publicos,
856 1969 916 2011 non
939 1951 1106 2011 sacerdotes
1130 1970 1232 2010 curem
1259 1951 1466 2013 thesaurorum

150 2067 305 2108 sacrorum
329 2051 493 2108 exercuisse
515 2049 685 2108 inauditum
709 2069 767 2108 non
791 2039 874 2130 est.⁸)
915 2048 1070 2108 Facillime
1092 2052 1195 2108 tamen
1217 2048 1249 2108 id
1271 2049 1471 2128 intellegitur,

149 2148 176 2206 si
195 2147 231 2206 de
250 2147 342 2206 sacris
361 2146 409 2206 dei
427 2148 604 2222 principalis
622 2146 776 2224 agebatur.
811 2147 840 2206 Is
855 2149 957 2206 autem
971 2149 1036 2206 erat
1050 2144 1126 2219 Ζεὺς
1138 2141 1269 2224 ’Όλβιοςι
1288 2146 1466 2224 Latysohew

149 2246 245 2303 Inser.
264 2244 281 2303 1
298 2265 326 2305 n.
343 2247 385 2303 24
404 2264 431 2303 u.
449 2247 489 2303 17
510 2243 604 2324 ἱερεὺς
626 2243 785 2324 γενόμενος
803 2253 855 2305 τοῦ
876 2253 1057 2324 προεστῶτος
1081 2252 1133 2322 τῆς
1155 2243 1267 2316 πόλεως
1285 2239 1371 2322 ἡμῶν
1390 2249 1469 2306 θεοῦ

151 2341 224 2414 Διὸς
246 2337 373 2422 ’casleu

239 2440 401 2500 Pecuniam
424 2445 459 2500 ut
482 2439 684 2500 sacrificantes
708 2441 849 2500 thesauro
872 2441 1035 2515 solverent,
1062 2459 1121 2500 nen
1144 2440 1201 2499 hac
1224 2459 1284 2500 una
1307 2441 1373 2518 lege
1397 2460 1465 2500 oon-

151 2539 295 2598 stitutum
319 2541 377 2614 est,
405 2539 441 2598 cf.
465 2559 493 2597 n.
515 2540 586 2598 118.
613 2540 685 2599 132.
712 2539 784 2598 155.
811 2541 873 2598 192
897 2559 924 2598 v.
946 2541 987 2599 10
998 2557 1061 2615 sqq.
1108 2537 1167 2598 Sed
1195 2541 1294 2614 pretia
1321 2539 1378 2597 hac
1400 2541 1469 2618 lege

151 2639 327 2711 constituta,
351 2638 409 2696 etsi
431 2637 610 2697 vilissimum
633 2655 822 2696 nummorum
845 2655 937 2714 genus
960 2637 1046 2696 velut
1067 2639 1193 2716 χαλκοῦς
1215 2636 1276 2696 <lici
1294 2639 1470 2707 statuimus,

151 2739 254 2794 tamen
282 2736 369 2794 tanta
397 2737 479 2809 sunt,
507 2737 543 2794 ut
570 2754 638 2794 cum
662 2735 803 2811 exemplis
826 2735 888 2794 illis
912 2735 1079 2810 comparari
1101 2753 1162 2793 non
1188 2735 1311 2810 possint.
1357 2734 1469 2811 Itaque

151 2831 320 2908 suspicione
352 2832 500 2892 abstinere
532 2851 592 2893 non
623 2851 745 2908 possum
776 2833 865 2892 buius
897 2834 971 2910 legis
1004 2835 1152 2892 rationem
1180 2833 1328 2893 diversam
1356 2851 1419 2892 esse
1447 2852 1470 2892 a

152 2931 258 2991 ceteris
281 2929 343 2990 illis
366 2931 532 3008 praeceptis
557 2934 587 2990 et
610 2931 648 2990 ad
671 2931 846 2990 facultatem
865 2931 1003 2991 victimas
1021 2933 1103 3008 ipsas
1122 2932 1153 2989 in
1172 2932 1243 2990 fano
1263 2930 1381 2990 emendi
1398 2951 1465 3007 per-

151 3031 256 3088 tinere.
301 3027 404 3088 Pretia
430 3031 511 3088 carte
541 3029 610 3104 illa,
642 3028 801 3088 dnmmodo
829 3028 909 3090 oboli
936 3029 1163 3107 intellegantur,
1196 3048 1255 3088 non
1282 3032 1465 3108 repugnant3

151 3147 222 3186 nam
247 3127 304 3186 etsi
327 3127 417 3202 paulo
440 3129 556 3186 maiora
579 3130 648 3186 sunt
666 3127 713 3202 iia,
737 3145 813 3202 quae
833 3129 1005 3204 ceteroquin
1023 3127 1078 3186 illa
1097 3129 1195 3186 aetate
1214 3127 1344 3186 valuisse
1362 3127 1468 3186 viden·

151 3217 247 3305 tur4),
275 3224 426 3284 laborasse
453 3226 519 3283 tum
547 3221 786 3301 Olbiopolitanos
813 3243 924 3304 magna
950 3246 1049 3284 rerum
1077 3224 1180 3300 inopia
1209 3227 1240 3283 et
1267 3227 1392 3284 caritate
1415 3226 1465 3284 de

153 3325 266 3382 cretum
289 3321 326 3380 de
348 3321 516 3398 Pr0togene
539 3323 653 3382 factum
676 3322 911 3383 luculentissime
933 3315 1100 3402 testatur.⁵)
1141 3323 1177 3382 Id
1200 3326 1301 3381 tamen
1324 3325 1388 3398 ipse
1412 3322 1467 3381 dn-

151 3421 227 3495 bito,
249 3439 321 3479 num
344 3439 413 3479 cum
436 3440 471 3480 ea
495 3439 584 3496 quam
603 3423 748 3497 proposui
764 3422 1012 3498 interpretatione
1030 3421 1155 3481 verbum
1178 3417 1364 3500 ἀπάρχεσθαι
1387 3439 1464 3479 com·

152 3519 238 3578 mode
262 3518 416 3578 conciliari
438 3521 541 3594 possit.

243 3615 278 3676 V.
300 3619 340 3675 15
374 3616 506 3676 nondum
538 3617 618 3676 certo
651 3617 808 3693 suppletus
834 3617 909 3675 mihi
935 3617 1061 3676 videtur.
1116 3617 1222 3675 Nauck
1254 3617 1385 3692 pretium
1417 3616 1467 3675 hic

153 3714 352 3774 constitutum
374 3734 447 3791 prae
470 3717 576 3774 ceteris
599 3717 663 3774 tam
687 3733 813 3791 parvum
831 3733 894 3774 esse
914 3717 1030 3774 censuit
1047 3717 1083 3773 ut
1101 3714 1138 3774 de
1161 3715 1225 3772 ulla
1242 3715 1367 3773 victima
1385 3716 1464 3792 cogi·

153 3815 214 3873 tari
241 3831 301 3872 non
327 3813 435 3890 possit,
468 3813 519 3872 sed
551 3812 738 3872 solummodo
766 3812 802 3871 de
829 3813 994 3872 minoribus
1021 3813 1095 3887 illis,
1126 3812 1234 3887 quibus
1265 3811 1468 3872 sacmficantee

153 3911 315 3971 utebantur
337 3911 420 3970 velut
442 3913 510 3970 ture
529 3911 577 3970 vol
599 3910 753 3988 placentis.
791 3909 849 3969 Sed
867 3931 926 3969 non
945 3909 1033 3971 modo
1051 3929 1147 3986 neque
1166 3910 1259 3987 ipsius
1279 3909 1465 3986 supplemen-

153 4012 219 4067 tum
237 4007 335 4080 θύοος
353 4029 450 4085 neque
468 4005 604 4087 τέρφους,
627 4008 707 4086 quod
722 4007 871 4068 Iernstedt
890 4008 970 4084 apud
988 4006 1128 4084 Latysch.
1143 4009 1277 4082 coniecit,
1295 4007 1466 4067 litterarum

153 4107 290 4182 reliqniis
312 4107 485 4184 respondet,
509 4107 560 4165 sed
584 4107 677 4166 stiam
699 4107 787 4181 ratio,
810 4125 900 4184 quam
923 4107 974 4166 ille
998 4109 1115 4166 secutus
1139 4109 1184 4165 est
1211 4107 1376 4181 ceterisque
1400 4105 1467 4183 pla-

246 4297 272 4364 1)
299 4311 381 4349 ovem
400 4293 456 4348 dici
476 4293 575 4348 Strnve
593 4293 748 4362 intellexit,
767 4293 816 4362 qui
835 4292 917 4363 plura
936 4295 970 4348 de
990 4310 1024 4346 ea
1042 4309 1071 4346 re
1091 4292 1196 4347 attulit.
1234 4292 1332 4347 Simile
1349 4293 1380 4347 in
1398 4309 1468 4348 voce

154 4373 298 4446 πρόβατον
322 4374 472 4441 accidisse,
500 4391 571 4442 quae
598 4373 662 4443 ipss
684 4390 796 4444 quoque
818 4373 957 4444 gliscente
981 4373 1093 4429 demum
1117 4389 1184 4427 aevo
1207 4372 1352 4442 vulgatam
1377 4373 1466 4442 signi-

154 4455 315 4510 ficationem
334 4458 419 4509 nacta
437 4458 488 4522 est,
507 4471 588 4509 nemo
607 4453 706 4508 nescit.

244 4539 271 4604 2)
300 4537 319 4588 Γ
322 4534 474 4598 algori
495 4533 602 4602 Strnve,
620 4535 828 4596 ΞΕΛΞΙΞΟΥΣ
847 4534 987 4603 Latysch,
1004 4533 1038 4588 cf.
1054 4549 1152 4588 comm.

244 4618 271 4686 e)
299 4614 334 4669 cf.
353 4633 380 4668 n.
397 4620 430 4668 et
450 4633 474 4669 v.
489 4620 523 4668 aa
544 4618 572 4669 et
590 4633 617 4669 n.
634 4621 684 4670 155
704 4634 727 4668 v.
743 4621 785 4668 ss.

244 4699 271 4766 4)
299 4695 335 4750 ci.
359 4711 382 4749 e.
398 4714 424 4766 g.
448 4695 553 4764 pretia,
581 4713 653 4764 qnae
676 4695 707 4748 in
729 4695 814 4750 titulo
838 4693 894 4749 Coc
917 4713 944 4749 n.
966 4700 1015 4748 1a1
1045 4697 1206 4760 occurrunt,
1235 4697 1263 4748 et
1286 4711 1357 4763 quse
1381 4693 1465 4749 attuli

155 4777 254 4833 thia.
271 4777 346 4831 Mus.
366 4775 401 4828 Ll
419 4793 446 4844 p.
462 4781 563 4843 tlosq.

245 4859 271 4926 b)
301 4857 535 4912 commemoratur
552 4855 594 4909 ibi
613 4855 674 4910 sola
691 4855 827 4910 bumasti
845 4854 951 4925 inopia,
970 4855 1020 4909 sed
1037 4855 1169 4910 universa
1188 4853 1257 4922 quin
1270 4853 1364 4920 fuerit,
1384 4853 1468 4907 dubi-

154 4936 209 4991 tari
228 4935 306 4990 nullo
324 4935 408 4990 modo
427 4939 529 5005 potest.
