3426 5462
675 303 833 360 urrisun
852 313 929 362 nn
1412 311 1454 377 69

231 474 387 534 Phrati-iae
401 474 681 534 Demotionidarum
700 467 867 558 secerd0s1)
887 477 963 536 hauc
982 477 1078 555 legem
1097 479 1158 537 suis
1177 478 1353 556 sumptibus,
1371 483 1453 542 iussu

137 577 243 632 umen
265 571 440 648 phraterum
451 564 487 654 ἰ),
515 574 567 648 qui
595 592 662 632 cum
690 592 768 633 anno
794 569 888 653 396s5
914 567 976 652 (εἰσί
1001 577 1178 655 Φορμίωνος
1201 573 1341 656 ἄρχοντος
1364 584 1453 658 Ἀθη-

138 671 254 750 νοιίοις,
287 675 537 752 φρατριαρχόντος
569 667 601 731 δὲ
629 669 818 744 Παντακλὲος
845 669 874 744 ἐξ
906 667 975 755 Οἰο)
1007 693 1054 735 res
1080 675 1233 751 phratrias
1261 675 1357 736 denuo
1385 697 1452 738 con-

136 771 308 844 stituerent,
332 771 424 830 ettam
443 770 650 829 emolumentis
670 770 817 830 sacerdoti
832 771 889 830 rite
908 771 1064 832 reddendis
1083 767 1335 854 oonnuuomntss),
1358 776 1453 852 lapidi

136 869 314 945 insculpsit,
341 887 437 942 neque
460 868 555 946 igitur
577 868 700 927 dubium
724 871 777 944 est,
801 871 874 944 quin
897 871 1097 930 emolumenta
1120 890 1179 930 non
1202 891 1218 930 e
1241 890 1295 932 suo
1318 874 1452 951 arbitrio,

136 967 192 1026 sed
216 985 232 1026 e
255 966 467 1026 consuetudine
490 966 680 1044 phrateribus
702 966 831 1044 probata
853 969 1048 1045 proposuerit.

229 1066 342 1144 Agitur
360 1065 396 1124 de
415 1064 567 1126 sacrificiis
582 1065 798 1141 Apaturiorum
816 1066 863 1126 die
882 1068 981 1142 tertio,
1004 1074 1040 1150 τῇ
1058 1067 1250 1148 Κονρεώτιδι,
1269 1089 1287 1128 ιι
1304 1071 1451 1147 pirateri-

136 1164 196 1224 bus
217 1183 273 1240 pro
296 1163 366 1224 filiis
390 1162 508 1222 oblatis.
554 1161 636 1233 Quae
660 1168 744 1241 price
767 1167 798 1223 et
820 1164 956 1243 κούρειον
980 1167 1133 1241 appellate
1160 1185 1223 1227 esse
1250 1168 1451 1246 iampridem

136 1265 245 1322 notum
264 1265 338 1337 erat,
361 1262 414 1322 sed
433 1281 510 1338 quae
527 1262 605 1321 retio
625 1261 757 1323 interea
774 1263 983 1338 intercesserit,
1002 1265 1031 1323 id
1052 1283 1068 1323 e
1086 1266 1264 1326 testimoniis
1283 1261 1450 1350 veterum⁴)

134 1363 267 1438 perspici
290 1379 397 1437 purum
419 1363 547 1438 poteret.
592 1361 658 1420 Hoc
681 1361 770 1421 titulo
792 1363 915 1421 invento
943 1363 1077 1422 discusse
1100 1367 1145 1422 est
1172 1366 1282 1442 caligo:
1313 1370 1396 1444 μεῖον
1419 1372 1451 1427 et

134 1459 276 1539 κούρειον
295 1479 363 1534 nou,
386 1461 420 1518 ut
439 1461 551 1535 purtim
569 1461 683 1519 ueteres
702 1452 933 1541 tradiderunt⁵),
954 1461 1034 1520 idem
1052 1462 1238 1538 sucrificium,
1261 1463 1312 1523 sed
1331 1464 1450 1526 diverse

135 1561 216 1618 sunt.
253 1558 345 1618 Porro
369 1555 453 1635 μείοιι
477 1555 656 1618 sacrificium
674 1558 765 1618 fuisse
783 1557 955 1634 modestius
978 1563 1013 1619 ut
1033 1579 1090 1618 vox
1112 1561 1180 1636 ipsa
1197 1561 1343 1639 prodebat
1351 1554 1387 1644 6),
1404 1564 1449 1623 ite

134 1675 217 1716 nunc
241 1675 276 1716 eo
299 1655 529 1731 demonstratur,
553 1656 633 1732 quod
655 1655 791 1716 sacerdos
815 1657 913 1716 miuus
936 1675 971 1716 ex
990 1676 1025 1717 eo
1044 1658 1217 1734 accipiebat.
1259 1660 1323 1720 Iam
1342 1661 1449 1722 Pollux

133 1747 262 1832 medis)
282 1753 420 1832 κούρειον
438 1754 568 1813 hostiam
586 1771 648 1814 esse
668 1775 687 1814 a
704 1755 902 1830 phreteribus,
920 1775 987 1815 oum
1007 1755 1151 1817 adultos
1169 1757 1344 1819 inducerent
1362 1759 1448 1833 filios,

133 1853 333 1927 immolatam,
356 1852 438 1928 quod
460 1853 664 1912 testimonium
687 1872 721 1912 eo
745 1854 841 1931 magis
860 1853 917 1912 fide
936 1853 1058 1932 dignum
1078 1857 1132 1930 est,
1151 1857 1222 1932 quie
1245 1858 1357 1933 optime
1380 1877 1447 1919 con-

134 1951 221 2010 venit
243 1971 310 2012 eum
334 1952 452 2010 nomiue
477 1950 607 2010 uuerbe
630 1950 737 2029 κείρειν
760 1953 817 2011 rite
841 1945 1043 2034 derivando.⁸)
1089 1952 1238 2030 Perquam
1264 1954 1358 2034 igitur
1380 1976 1447 2032 pro-

133 2049 237 2109 babile
252 2053 296 2110 est
309 2049 385 2108 iilud
401 2053 484 2126 μεῖον
498 2051 627 2109 hostium
644 2050 736 2109 fuisse
755 2069 808 2126 pro
827 2051 1032 2109 infantibus
1051 2044 1278 2132 immolatam9),
1297 2057 1361 2113 tum
1380 2073 1446 2114 cum

133 2149 266 2225 primum
286 2147 476 2224 phrsteribus
495 2147 746 2207 monstrabantur.
786 2149 973 2226 Improbavit
992 2169 1061 2209 sane
1085 2170 1179 2226 nuper
1197 2151 1325 2228 Lipsius,
1349 2156 1446 2214 eausIs

135 2253 239 2306 tamen
262 2267 330 2306 mea
353 2245 472 2323 quidem
496 2247 644 2306 sententie
668 2267 773 2323 parum
797 2239 945 2326 firmum),
968 2248 1048 2323 quod
1066 2267 1136 2307 vero
1155 2248 1218 2325 ipse
1237 2249 1374 2329 κούρειον
1390 2272 1446 2329 pro

226 2421 252 2487 1)
271 2416 404 2471 nimirum
414 2413 483 2479 Διὸς
494 2414 647 2485 Φρατρίονι
663 2415 697 2471 cf.
708 2417 814 2472 decreti
829 2435 852 2471 v.
864 2423 898 2471 22
913 2417 928 2472 ὁ
945 2417 977 2473 di
992 2417 1136 2489 ἐσαγαγὼν
1151 2418 1200 2474 τὸν
1214 2420 1445 2476 secerneretur«

131 2497 268 2566 ὀφειλέτω
287 2497 389 2554 ἑκατὸν
408 2496 536 2569 δραχμὰς
553 2496 630 2565 ἱερὰς
648 2506 697 2551 τῶι
717 2498 764 2550 Ari
783 2506 832 2551 τιῖιι
851 2494 1002 2565 Φρατρίωι,
1028 2497 1189 2566 ἐσπράττειν
1209 2498 1241 2555 δὲ
1259 2499 1290 2553 τὸ
1310 2501 1445 2570 ἀργύριον

132 2587 218 2633 τοῦτο
236 2579 286 2632 τὸν
306 2577 383 2645 ἱερέα
401 2581 457 2632 κτλ.
1276 2589 1279 2597 ·

224 2663 251 2729 8)
276 2657 310 2714 cf.
330 2659 419 2728 ipsius
443 2658 548 2712 decreti
567 2675 590 2711 s.
606 2664 706 2727 tdsqq.
726 2660 757 2714 τὸ
781 2659 812 2714 δὲ
835 2658 969 2729 ψήφισμα
992 2659 1056 2714 τόδε
1079 2659 1126 2713 κοιλ
1149 2659 1184 2714 τὰ
1204 2659 1355 2729 ἰερεώσννα
1375 2663 1445 2717 ἁνα-

130 2739 244 2811 γράψιιι
258 2739 309 2794 τὸν
323 2737 399 2808 ἰερέα
414 2739 444 2794 ἐν
459 2737 553 2808 στήλην
567 2736 677 2807 λιθίνηι
691 2737 817 2806 πρόσθεν
832 2743 863 2795 td
878 2741 953 2812 βωμό
968 2744 1146 2795 Δεκελειᾶσιν
1160 2739 1247 2795 τέλεσι
1261 2749 1321 2806 τοῖς
1334 2741 1444 2797 ἑαυτοῦ.

224 2823 251 2890 3)
270 2836 372 2891 nempe
389 2819 519 2890 precibus
538 2819 628 2889 ipsius
647 2821 800 2874 sucerdotis
820 2821 961 2888 commoti,
980 2820 1029 2889 qui
1048 2821 1101 2874 hnc
1118 2821 1282 2878 condicione
1301 2823 1388 2878 totius
1402 2823 1446 2878 iu-

129 2901 296 2972 scriptionis
315 2903 444 2970 sumptus
463 2901 492 2953 in
512 2918 541 2954 se
559 2900 674 2969 recepit.

223 2984 250 3048 4)
270 2981 372 3034 cuncta
391 2981 533 3049 congessit
551 2979 707 3034 Mommsen
726 2982 806 3036 Festa
825 2981 850 3035 d.
866 2982 905 3037 St.
922 2983 1012 3037 Athen
1029 3001 1056 3052 p.
1073 2987 1124 3036 332
1135 2999 1194 3052 sqq.

223 3065 249 3131 t)
268 3060 312 3115 Et.
327 3060 364 3114 M.
380 3079 401 3115 s.
416 3077 440 3114 v.
459 3061 601 3128 κούρειον,
624 3060 709 3116 schol.
725 3062 809 3115 Arist.
824 3061 894 3116 Rau.
911 3067 963 3116 798
987 3060 1027 3132 (τὸ
1047 3065 1136 3132 μεῖον)
1159 3060 1289 3134 κέκληται
1312 3063 1445 3132 κοιίρειον

132 3141 193 3197 ἀπὸ
212 3150 268 3196 τῶν
287 3140 407 3209 κούρων,
426 3141 496 3208 ὑπὲρ
515 3135 554 3194 ὧν
574 3141 681 3196 ἐθύετο.

222 3225 249 3292 6)
273 3222 362 3292 ipsius
386 3221 569 3291 comparativi
593 3224 723 3276 neutrum
742 3222 821 3293 (Poll.
840 3222 880 3276 III
899 3229 946 3291 53,
969 3223 1109 3278 Eratosth.
1130 3241 1173 3292 ep.
1190 3221 1275 3294 Herp.
1291 3242 1312 3278 s.
1328 3227 1363 3294 v.)
1387 3243 1443 3280 nou

128 3319 193 3358 esse
212 3303 359 3374 genetivus
383 3303 478 3367 docet,
505 3302 554 3356 sed
578 3303 646 3371 quin
666 3303 793 3357 eiusdem
814 3304 911 3374 stirpis
930 3320 1030 3358 nomen
1050 3303 1095 3368 sit,
1115 3303 1239 3359 dubitari
1258 3305 1364 3374 nequit.

222 3386 249 3452 7)
267 3381 333 3437 VIII
349 3387 398 3436 107
419 3381 568 3451 φράτορες
588 3381 628 3445 εἰς
645 3379 761 3446 retroue
778 3383 843 3446 τούς
861 3403 890 3438 τε
908 3381 1010 3452 κόρους
1028 3384 1077 3438 καί
1095 3384 1145 3448 τὰς
1159 3382 1245 3452 κόρας
1259 3384 1379 3456 εἰσῆγον,
1394 3387 1443 3441 καί

128 3465 172 3527 εἰς
188 3461 302 3534 ἡλικίαν
321 3460 521 3531 προελθόντων
536 3463 566 3517 ἐν
580 3471 613 3535 τῇ
633 3461 789 3536 καλουμένῃ
809 3465 973 3533 κονρεώτιδι
991 3463 1080 3538 ἡμέρᾳ
1097 3463 1167 3533 ὑπὲρ
1182 3463 1233 3533 μὲν
1247 3474 1302 3519 τῶν
1317 3463 1443 3534 ἀρρένων

128 3545 163 3600 τὸ
181 3544 321 3612 rodestoc,
344 3543 415 3612 tuto
435 3543 465 3598 dt
484 3551 539 3598 τῶν
558 3546 681 3613 θηλειῶν
698 3544 750 3614 τὴν
768 3543 917 3614 γαμηλίαν,
935 3544 1008 3598 hane
1026 3544 1158 3598 nimirum
1178 3562 1233 3599 non
1252 3562 1302 3615 pro
1322 3545 1442 3615 filiabus,

128 3625 182 3680 sed
200 3641 251 3694 pro
270 3624 435 3695 phretemm
454 3623 586 3678 uxoribus
605 3640 638 3678 ex
657 3624 751 3680 aliena
769 3625 897 3696 phratriu
914 3625 1044 3694 receptis.

222 3710 250 3770 8)
265 3707 364 3759 contra
378 3703 463 3759 schol.
474 3704 671 3774 Aristophanis
686 3706 760 3776 (adn.
770 3708 796 3774 o)
811 3707 980 3760 monuerunt
990 3704 1124 3760 nuchul
1136 3705 1441 3778 MutantSttrunpebcr.

129 3790 202 3840 1889
221 3784 247 3838 11
264 3803 292 3854 p.
308 3790 323 3837 1
344 3787 373 3839 et
386 3783 576 3838 Wilamowitz
596 3787 681 3842 Arist.
697 3804 725 3840 ιι.
740 3787 831 3842 Attica
848 3786 874 3839 Π
893 3804 920 3855 p.
935 3791 996 3853 271,
1013 3792 1053 3839 16.

222 3867 248 3934 9)
267 3866 309 3919 ite
327 3865 385 3919 iam
399 3864 511 3936 Sauppe
525 3867 570 3921 Dc
584 3867 691 3934 phratr.
708 3869 798 3936 (1890)
817 3885 844 3936 p.
861 3873 903 3932 10,
921 3869 983 3920 tum
997 3865 1092 3921 scholi
1107 3869 1123 3922 ἰ.
1134 3885 1165 3934 ω,
1177 3866 1366 3922 Wilumowitz
1383 3870 1399 3924 ἰ.
1410 3886 1442 3936 c.‚

129 3946 288 4000 Mommsen
307 3947 323 4000 ἰ.
339 3962 360 4000 ο.
380 3963 407 4015 p.
424 3951 484 4012 332,
504 3945 535 4000 Ο.
550 3945 653 4001 Miiller
671 3948 708 4000 N.
724 3947 820 4002 Jahrb.
834 3948 855 4014 f.
870 3948 944 4002 Phil.
958 3948 1053 4016 Suppt.
1068 3947 1145 4001 XXV
1158 3966 1185 4018 p.
1203 3953 1261 4002 158.

205 4028 249 4095 10)
272 4027 366 4096 Ικίρκ.
386 4026 463 4081 Stud.
483 4025 547 4080 XVI
572 4031 640 4080 1894
663 4046 690 4096 p.
708 4033 820 4096 163sq.;
844 4028 918 4097 quod
941 4043 1098 4098 repugnare
1121 4029 1204 4098 putat
1222 4028 1308 4083 verba
1336 4031 1443 4085 decreti

128 4107 278 4162 Menexeni
303 4106 335 4176 (B
355 4112 387 4160 t'l
395 4108 465 4176 sqq.)
485 4103 560 4169 ὅπως
580 4105 607 4161 δ’
631 4105 667 4160 ἂν
686 4107 781 4164 εἰδῶσι
804 4107 832 4162 οἰ
855 4107 993 4177 φράτερες
1014 4109 1081 4171 τοὺς
1103 4106 1251 4179 μέλλοντας
1269 4109 1442 4179 εἰσάγεσθαι,

128 4185 353 4257 ἀπογράφεσθαι
371 4195 421 4241 τῶν
439 4187 551 4255 πρώτων
570 4187 624 4242 ἔτει
642 4185 659 4256 ἢ
679 4184 710 4242 ὧι
731 4185 767 4243 ἂν
786 4189 816 4242 τὸ
836 4189 954 4256 κούριον
973 4188 1048 4258 ἄγει,
1066 4188 1097 4243 τὸ
1122 4188 1225 4258 ὄνομα,
1247 4206 1299 4259 pro
1318 4193 1355 4257 τῷ
1373 4209 1443 4257 προ-

127 4265 200 4340 κίρρι
219 4267 275 4322 ἔτει
293 4263 309 4336 ἦ
329 4266 381 4321 illu
400 4269 492 4323 estate
511 4271 548 4338 τῷ
567 4267 666 4340 πρώτῳ
685 4268 738 4323 ἔτει
757 4265 846 4336 toiri
864 4269 990 4338 potuisse
1009 4286 1059 4323 suo
1077 4269 1138 4324 iure
1156 4271 1271 4339 negavit
1285 4268 1331 4340 (cf.
1347 4268 1442 4324 Schdll

128 4347 148 4402 l.
168 4365 191 4402 c.
215 4349 357 4417 p.10,2),
386 4347 435 4401 sed
458 4348 533 4415 quod
557 4348 617 4418 ipse
640 4349 841 4418 interpretetur
871 4349 974 4419 ‘pruno
997 4351 1096 4404 octauo
1119 4367 1193 4404 οκκο
1216 4351 1257 4406 ccl
1275 4366 1442 4419 ραοοιικιριιε

127 4428 247 4484 hostium
265 4429 403 4483 obtuderit’
424 4445 480 4482 non
498 4428 591 4482 minus
611 4427 740 4483 offendit:
760 4446 816 4483 uon
831 4429 914 4484 modo
928 4431 1027 4485 aetatis
1041 4429 1118 4484 notio
1134 4446 1219 4497 quiam
1234 4430 1370 4500 agnoscit,
1390 4429 1441 4483 ali-

129 4526 187 4578 quo
206 4509 290 4562 modo
314 4507 466 4562 indicanda
489 4507 545 4562 fuit
564 4540 596 4548 —
617 4524 632 4562 e
651 4525 757 4563 conexu
777 4509 852 4564 enim
870 4509 953 4563 huius
977 4509 1032 4564 loci
1052 4525 1135 4579 aegre
1155 4510 1303 4580 suppletur
1320 4541 1368 4576 -,
1392 4510 1441 4564 sed

128 4589 217 4644 etiam
232 4589 344 4659 Lipsius
363 4588 404 4642 iu
422 4603 517 4643 secum
535 4588 596 4658 ipse
614 4592 731 4659 pugnat,
750 4591 775 4644 si
794 4589 908 4658 quidem
922 4590 1013 4660 primo
1028 4590 1129 4644 aetatis
1149 4607 1223 4644 anno
1241 4590 1372 4658 κούρειον
1390 4608 1441 4659 pro

127 4669 287 4724 infantibus
306 4667 433 4724 oblatum
447 4668 598 4736 existimat,
617 4668 674 4724 illis
690 4672 783 4724 nutem
797 4670 888 4724 verbis
903 4686 937 4724 ex
950 4670 1040 4740 Lipsii
1056 4670 1288 4740 interpretatione
1302 4670 1332 4724 id
1346 4670 1440 4740 potius

128 4751 247 4806 arbitrio
266 4749 402 4820 cuiusque
419 4749 587 4819 permissum
611 4752 754 4819 eratque
777 4752 871 4805 tamen
891 4768 1000 4805 summa
1022 4751 1166 4820 praecepti
1185 4751 1267 4818 ratio,
1291 4753 1385 4804 certe
1403 4767 1439 4804 sc.

126 4831 264 4900 temporis
278 4829 406 4885 definitio
419 4828 537 4884 tollitur.
566 4831 684 4886 Accedit
698 4830 819 4900 denique
833 4831 908 4901 quod
917 4831 1009 4886 verbis
1023 4829 1040 4900 ἢ
1052 4851 1073 4904 ῳ
1083 4829 1120 4885 ἂν
1129 4830 1160 4885 τὸ
1175 4851 1199 4884 ιι.
1216 4831 1270 4903 ἄγῃ
1283 4831 1375 4885 inesse
1384 4830 1439 4884 vim

128 4910 352 4982 comparativam
367 4910 525 4981 exemplum
539 4929 562 4964 v.
573 4917 605 4964 27
621 4915 658 4986 τῷ
669 4909 772 4984 ὑστέρῳ
788 4911 841 4967 ἔτει
855 4907 873 4979 ἢ
887 4903 909 4984 ᾧ
923 4908 959 4966 ἂν
974 4912 1004 4966 τὸ
1024 4932 1047 4966 κ.
1063 4911 1138 4983 θύσῃ
1154 4911 1337 4965 commendat.
1368 4909 1440 4964 Sane
