3450 5458
270 303 334 369 166
562 325 564 330 ’
788 304 904 362 Leess
923 303 1063 360 SAORAE

268 475 385 547 simum,
405 473 440 531 cf.
457 493 484 531 n.
501 475 541 534 59
558 477 588 532 st
604 474 644 533 17
648 476 676 532 5.
692 505 733 516 -
753 493 781 531 v.
798 475 816 532 9
836 473 957 534 Boeckh
975 474 1097 552 σαόμων
1115 474 1214 536 dorice
1232 495 1286 553 pro
1305 475 1448 554 σησάμων
1466 475 1583 536 dictum

267 591 330 632 esse
355 571 540 647 eundemque
567 590 676 648 penem
703 571 879 650 significari,
907 574 959 648 qui
987 572 1067 649 epnd
1090 574 1277 634 Athenaeum
1305 571 1393 654 ἄρτος
1415 574 1583 652 σησαμίτης

266 670 317 731 vel
348 677 501 747 σησαμοῦς
531 663 709 748 appelletur,
741 669 827 730 vidit.
873 668 931 739 Qui
958 688 1025 730 cum
1055 690 1114 734 non
1142 671 1278 746 heberet,
1311 692 1369 749 qno
1397 674 1581 732 structorem

266 765 357 848 ἄρτον
381 765 440 828 διὰ
463 785 489 828 σ.
513 769 709 842 confirmaret,
733 787 826 827 unum
850 768 1027 828 vocobulum
1050 768 1143 829 efficit
1166 769 1347 848 διασαᾶμαν.
1391 770 1454 829 Neo
1476 775 1581 830 temen

266 867 324 926 heo
347 869 410 942 vis,
440 886 517 943 quse
539 867 598 943 ipsi
620 867 668 926 illi
690 885 749 926 non
772 866 924 943 placebat,
952 885 1026 944 opus
1050 870 1108 928 esta
1135 869 1172 928 cf.
1191 868 1300 928 Athen.
1322 867 1369 927 Ill
1390 871 1478 928 llle
1500 867 1581 946 βρα-

267 965 374 1042 μᾶτιον
397 961 447 1024 διὰ
475 961 589 1041 μέλιτος
615 961 665 1024 καί
688 964 773 1025 λίνου
802 967 832 1022 et
855 964 947 1024 schol.
964 965 1056 1025 Arist.
1075 965 1131 1024 Av.
1153 967 1237 1026 1032
1262 965 1359 1044 ζωμὸν
1383 963 1432 1025 διὰ
1456 963 1581 1044 μέλιτος.

267 1095 311 1105 -
335 1083 362 1122 v.
383 1065 486 1123 9extr.
505 1063 627 1123 Meister
654 1063 780 1122 coniecit
807 1057 843 1121 ἄν
867 1057 886 1121 ἄ
912 1055 1013 1144 παῖ(ς)
1041 1056 1280 1142 ἔ[γ]όαττανώσει.
1303 1095 1347 1105 -
1375 1084 1401 1124 v.
1423 1065 1463 1124 13
1488 1060 1581 1143 ἄρτον

266 1157 414 1241 ντροχαρία
445 1181 531 1222 nemo
557 1160 656 1221 'adhuc
679 1160 852 1238 explicavit
885 1160 1004 1220 Boeclrh
1033 1163 1159 1222 fortasse
1188 1160 1427 1240 coniungendnm
1450 1163 1581 1222 coniecit

265 1255 413 1339 προχαρία
427 1257 614 1340 Περσεφόνη,
632 1263 667 1318 ut
684 1254 831 1337 ττροχαρία
850 1259 920 1333 sint,
943 1277 1019 1333 quse
1038 1260 1202 1319 offerentur
1219 1258 1509 1338 α1ιιροχαρισιήρια,
1529 1259 1580 1319 oui

265 1359 367 1416 temen
390 1359 578 1416 coniecturae
602 1357 648 1416 vel
671 1356 744 1416 ordo
767 1355 925 1416 verbomm
947 1359 1118 1432 ceteroquin
1142 1356 1294 1417 adhibitus
1313 1358 1502 1418 vehementer
1526 1357 1579 1416 ob-

265 1459 334 1516 stet.
355 1487 397 1496 -
416 1476 444 1514 v.
466 1457 506 1514 14
530 1455 651 1515 Boeckh
674 1460 705 1515 et
727 1455 818 1514 ceteri
840 1473 942 1514 omnes
965 1453 1067 1514 littere
1088 1446 1118 1515 Α
1137 1455 1257 1514 snblete
1278 1455 1356 1538 Τύχη
1379 1456 1579 1532 scripserunt3

264 1554 376 1614 iterum
399 1555 531 1628 speciose
555 1555 601 1612 est
623 1555 802 1626 coniectura,
825 1571 885 1612 non
907 1556 996 1612 certe.
1018 1585 1058 1594 -
1082 1573 1110 1612 v.
1128 1555 1166 1613 15
1191 1561 1282 1613 ταῦτα
1304 1545 1449 1636 αότ(α)[ί]
1470 1571 1579 1630 στεφα-

265 1643 438 1733 νοό(μ)εναι
460 1651 594 1724 Boeckh,
618 1670 653 1711 eo
675 1656 858 1726 postremum
882 1651 1003 1726 quidem
1025 1651 1185 1710 admodum
1205 1650 1369 1728 probabile,
1393 1653 1429 1710 of.
1453 1673 1481 1710 v.
1503 1653 1522 1712 3
1548 1657 1580 1711 et

266 1750 421 1809 oraculum
444 1748 559 1808 Dodon.
579 1751 679 1808 noti>
704 1749 847 1808 edietum.

356 1845 462 1907 Cultus
490 1847 666 1921 inferorum,
694 1847 747 1924 qui
775 1848 830 1908 boc
853 1847 943 1906 titulo
966 1847 1081 1924 prodit,
1108 1867 1142 1907 eo
1166 1847 1294 1907 maximo
1316 1847 1518 1908 memorabilis
1543 1867 1579 1907 sc

266 1945 427 2023 singularis
452 1947 505 2018 est,
529 1945 609 2021 qnod
631 1946 714 2004 iuxte
737 1942 907 2005 Δέσποιναν
930 1944 1039 2004 colitur
1061 1943 1253 2025 Περσεφόνα,
1276 1944 1308 2004 id
1331 1945 1410 2021 qnod
1434 1946 1578 2022 entiquee

265 2043 397 2104 tribuere
420 2043 560 2121 religioni
583 2043 750 2118 Spertsnse
773 2043 860 2103 velde
883 2042 1001 2116 dubito,
1024 2045 1115 2102 immo
1138 2043 1281 2103 indicium
1305 2043 1379 2103 duco
1402 2045 1578 2102 recentioris

265 2143 351 2202 tituli
374 2143 493 2216 estatis,
516 2160 592 2218 quse
615 2142 739 2201 sendem
762 2142 824 2200 iere
847 2159 911 2200 esse
931 2141 1087 2217 utriusque
1106 2141 1178 2200 dese
1197 2145 1337 2200 naturam
1354 2158 1412 2200 non
1431 2141 1494 2200 iem
1513 2159 1579 2200 sen·

265 2239 369 2300 tiebat.
409 2240 510 2298 Etiam
533 2238 706 2299 litterature
729 2259 748 2298 e
770 2239 964 2300 Fourmontio
988 2239 1019 2297 in
1042 2239 1216 2318 cpogrspho
1240 2238 1384 2313 adhibite,
1407 2240 1465 2299 etsi
1488 2240 1578 2298 nimi-

265 2357 333 2400 rum
355 2336 424 2397 inde
447 2337 522 2396 nihil
546 2339 621 2397 certi
643 2337 746 2416 colligi
763 2339 871 2413 potest
894 2337 1052 2396 recentiori
1070 2337 1165 2396 eetsti
1182 2338 1273 2410 feret,
1296 2337 1322 2396 si
1340 2336 1461 2412 quidem
1480 2337 1579 2413 sigma

265 2437 364 2496 forme
387 2434 418 2510 [,
441 2454 546 2513 omegn
569 2436 586 2496 ἃ
609 2435 771 2514 significari
794 2436 879 2494 solet.
917 2435 1042 2495 Accedit
1065 2435 1201 2510 deniqne,
1225 2433 1305 2509 quod
1328 2434 1457 2512 genuine
1481 2435 1578 2494 nomi-

265 2536 312 2594 nis
335 2533 533 2610 Proserpinae
556 2535 654 2593 iormo
676 2533 823 2594 Laconico
847 2532 1025 2613 Περσεφόνα
1048 2533 1139 2594 brisso
1162 2551 1221 2592 non
1244 2531 1372 2605 videtur,
1395 2533 1433 2591 cf.
1447 2531 1577 2608 Hesych.

265 2651 289 2694 s.
308 2652 334 2691 v.
360 2629 564 2712 Πηρεφόνεια·
588 2629 793 2710 Περσεφόνεια
815 2630 967 2704 Λάκωνες.
1012 2631 1114 2707 Atque
1142 2633 1233 2691 etiem
1261 2629 1297 2689 de
1324 2631 1390 2706 ipso
1414 2648 1523 2708 genere
1547 2633 1579 2690 et

265 2732 383 2791 ratione
414 2732 555 2790 universe
586 2729 683 2803 tituli,
713 2734 814 2788 ntmm
842 2750 866 2788 e.
885 2750 912 2808 g.
936 2729 1072 2805 publicus
1101 2747 1140 2788 sn
1166 2730 1302 2805 privatus
1330 2719 1430 2807 sitm),
1463 2727 1577 2806 ambigi

265 2831 373 2906 potest.
411 2825 476 2898 Qua
498 2831 600 2887 temen
622 2829 654 2886 in
673 2847 704 2887 re
723 2827 792 2888 nolo
815 2827 961 2902 insistere,
984 2846 1079 2903 neque
1101 2829 1180 2886 enim
1204 2826 1327 2902 despero
1342 2825 1421 2899 tore,
1445 2829 1480 2884 ut
1498 2825 1578 2901 lepis

265 2928 330 3003 ipse
353 2926 450 2986 denuo
472 2928 640 3003 reperietur
660 2925 759 3002 idque,
782 2925 870 3002 quod.
880 2945 959 2986 nnnc
977 2944 1037 2984 non
1056 2927 1114 2986 nisi
1133 2924 1309 2985 coniecturis
1328 2925 1477 2999 temptare
1496 2923 1578 2994 lieet,

264 3027 427 3103 integriore
449 3025 576 3084 lectione
600 3024 774 3084 declaretur.

355 3193 404 3249 58.
437 3194 546 3249 Tebule
567 3194 682 3264 lepidos
704 3193 734 3247 in
757 3193 828 3247 dnos
851 3195 946 3262 pertes
969 3190 1072 3260 freciis,
1095 3192 1209 3245 invente
1234 3193 1264 3244 in
1283 3189 1403 3246 ecclesie
1422 3190 1475 3244 vici
1496 3191 1576 3246 Kon-

263 3275 400 3331 stanticcci
416 3290 504 3345 prope
518 3278 658 3330 vetustam
671 3273 874 3338 Andaniam
893 3291 918 3326 v.
932 3277 1026 3326 1-116
1040 3271 1071 3325 in
1090 3269 1189 3338 fronte,
1208 3269 1311 3340 reliqui
1329 3271 1359 3324 in
1373 3270 1461 3340 latere
1476 3271 1576 3326 dextro

264 3355 394 3426 inscripti
422 3357 496 3409 sunt.
532 3354 601 3410 Post
624 3353 819 3408 Kumanudem
842 3352 1023 3421 (Φιίότιατρις
1041 3354 1120 3420 1869)
1147 3350 1189 3405 ed.
1209 3349 1292 3404 buius
1321 3349 1485 3420 apographo
1508 3367 1576 3404 usus

265 3435 484 3504 doctissimoque
503 3435 703 3490 commentario
722 3433 856 3487 instruxit
870 3431 982 3502 Senppe
996 3432 1052 3486 Dic
1066 3432 1347 3501 Mystericnioechrilt
1362 3447 1416 3485 οονι
1430 3431 1575 3485 Aedonia.

267 3517 339 3572 eos.
356 3520 426 3569 1860
444 3519 489 3585 (=
508 3517 632 3587 Αιιομιιο.
648 3515 786 3581 Schriften
803 3531 829 3583 p.
846 3516 988 3582 πυρα),
1012 3511 1115 3566 deinde
1138 3511 1233 3581 lepide
1256 3511 1348 3566 denno
1366 3511 1528 3566 examinato
1548 3515 1577 3565 et

264 3597 374 3666 ectypie
398 3595 554 3650 cherteoeis
578 3595 713 3650 coniectis
737 3595 859 3649 Foucert
881 3594 917 3648 ed
941 3591 1053 3647 bebesii
1077 3592 1186 3664 Voyoge
1208 3593 1280 3646 orob.
1305 3591 1331 3644 11
1349 3609 1375 3644 n.
1392 3595 1479 3658 este,
1509 3591 1576 3646 inde

264 3677 458 3747 repetiverunt
475 3675 565 3731 Gener
583 3677 645 3730 Del.
665 3681 709 3743 47,
732 3673 933 3744 Dittenberger
950 3671 1033 3746 syo}
1052 3677 1103 3727 653
1123 3672 1222 3742 (388¹),
1247 3671 1362 3725 Meister
1380 3669 1480 3726 SGDI
1495 3675 1576 3737 4689,

265 3755 370 3812 Michel
389 3757 502 3812 Remreil
520 3761 580 3810 694.

399 3860 494 3939 Περὶ
523 3858 653 3943 1]ερῶν
681 3857 741 3922 καὶ
772 3856 893 3935 ἱερᾶν·
927 3855 946 3919 ὁ
974 3855 1176 3933 γραμματεῦ(
1203 3856 1269 3917 τῶν
1297 3847 1492 3932 συνέδρωνί)
1528 3863 1573 3924 §1

318 3967 394 4032 robe
427 3967 619 4044 γενηθέντα(
651 3965 758 4043 ἱεροὺς
790 3962 946 4042 opertorio
977 3965 1183 4041 παραχρῆμα,
1218 3960 1260 4037 ἂμ
1292 3959 1332 4038 μή
1361 3979 1408 4023 τι(
1435 3957 1492 4038 ἀρ-

338 4135 381 4202 10)
409 4131 586 4186 incommode
605 4131 717 4196 eccidit,
737 4129 813 4198 quod
831 4128 866 4183 dc
885 4127 963 4182 cultu
983 4125 1163 4196 delubrisque
1185 4125 1300 4179 deernm
1318 4123 1472 4178 inferorum
1491 4123 1573 4194 Sper-

265 4213 339 4267 tenis
358 4211 512 4266 Psusenies
532 4214 590 4266 tem
609 4211 700 4265 brevis
720 4213 775 4264 est:
795 4208 834 4261 111
853 4215 922 4273 litt
941 4205 1080 4277 templum
1098 4205 1192 4276 Κόρης
1206 4202 1348 4271 Σωτείρας
1366 4207 1572 4266 commemoret,

265 4293 342 4363 qnod
361 4291 411 4346 elii
431 4291 466 4345 sb
484 4290 604 4362 Orpheo,
624 4291 673 4345 elii
692 4289 727 4344 eb
743 4289 831 4344 Abori
850 4288 995 4344 conditum
1014 4287 1120 4353 dicent,
1139 4285 1242 4340 deinde
1260 4302 1283 4338 c.
1300 4289 1368 4350 14‚o
1388 4283 1459 4338 dicit
1478 4283 1572 4353 Δήμη-

265 4393 318 4442 τρα
337 4371 369 4428 di
387 4369 520 4428 Χθονίαν
536 4370 757 4441 Λακεδαιμόνιοι
775 4370 825 4439 μὲν
845 4365 935 4443 σέβειν
955 4368 1025 4437 φασί
1043 4364 1223 4436 παραδόντος
1241 4362 1338 4434 σφίσιν
1354 4360 1487 4434 Ὀρφέως,
1506 4363 1572 4435 δόξῃ

266 4453 298 4508 δὲ
318 4451 368 4523 ἐμῇ
387 4451 436 4507 διὰ
454 4451 486 4506 τὸ
505 4452 581 4520 ἱερὸν
600 4451 631 4507 τὸ
651 4451 681 4507 ἐν
696 4447 832 4523 Ἑρμιόνῃ
851 4448 967 4518 κατέστη
990 4449 1038 4502 καί
1059 4449 1169 4509 τούτοις
1187 4442 1319 4500 Χθονίαν
1338 4442 1459 4512 νομίζειν
1478 4444 1572 4512 Δήμη-

264 4553 330 4601 τρα,
353 4531 426 4586 nihil
443 4535 601 4602 praeterea,
624 4548 659 4586 nc
678 4530 816 4601 templum
835 4529 950 4599 quidem
968 4529 1052 4582 huius
1071 4526 1177 4582 Cereris
1196 4521 1326 4586 Χθονίας
1344 4539 1572 4578 commemorem.

265 4615 309 4666 An
324 4610 401 4681 Κόρη
420 4611 471 4666 illc
489 4615 519 4667 et
536 4612 606 4666 boec
620 4611 753 4681 Δημήτηρ
772 4628 802 4665 re
819 4627 885 4664 vere
903 4611 933 4663 in
951 4625 1008 4663 uno
1026 4607 1075 4662 illo
1094 4605 1200 4677 templo
1220 4604 1383 4660 colebantur
1404 4603 1440 4658 eb
1462 4603 1571 4674 Orpheo

265 4692 398 4747 condito?
434 4691 519 4747 Porro
538 4691 588 4746 ubi
605 4690 733 4748 Ἐίεοσία
751 4691 810 4758 ille,
830 4690 909 4745 cuins
929 4689 1075 4745 donarium
1095 4690 1172 4742 extet
1192 4689 1258 4752 (not.
1275 4687 1310 4754 i),
1329 4683 1494 4738 colebatur?

357 4821 382 4886 1)
411 4819 553 4872 senatores
572 4817 630 4871 dici
649 4833 710 4871 curn
731 4816 795 4871 eliis
814 4815 911 4869 multis
930 4813 999 4870 locis
1018 4817 1079 4868 tum
1098 4813 1155 4866 Liv.
1171 4817 1213 4876 46,
1224 4815 1293 4876 311
1312 4807 1516 4863 demonstrarit
1532 4806 1571 4872 ὃς

265 4895 349 4950 sliter
367 4913 433 4950 sene
452 4896 544 4966 Foco,
562 4898 613 4968 qni
631 4898 765 4966 synedros
785 4913 801 4950 e
820 4893 996 4950 senatoribus
1016 4891 1230 4963 distinguendos
1249 4892 1351 4944 censet.
