3434 5464
245 296 314 360 314
767 293 881 350 LEGES
900 293 1040 349 SAGRAE

246 465 389 524 adiectivi
416 459 522 537 τέλειος
548 464 740 542 neglegentia
771 465 915 524 emissum
947 481 1010 524 esse
1042 462 1181 538 coniecit,
1213 463 1295 540 quod
1320 464 1401 524 idem
1427 463 1477 524 hic
1505 464 1569 524 sibi

249 563 326 623 velle
354 565 445 638 atque
473 560 647 642 ὁλόκληρος,
676 561 716 640 μὴ
740 559 907 642 ἀνάπηροςε
939 562 1073 622 homines
1102 561 1194 638 enim,
1224 563 1276 637 qui
1298 562 1414 641 integro
1438 581 1568 639 corpore

248 679 309 720 non
332 662 443 734 essent,
471 662 548 720 sieut
571 677 589 718 a
612 660 785 720 sacerdotiis
813 659 949 740 gerendis
977 661 1022 719 ita
1045 659 1156 719 alicubi
1184 660 1257 720 adeo
1286 661 1397 720 alano
1425 661 1566 721 adeundo
1687 663 1688 678 ¹

248 759 343 818 arceri
370 777 430 818 non
458 776 521 818 esse
549 758 730 819 incredibile.
776 758 819 818 At
847 777 907 818 non
934 757 1021 818 modo
1049 759 1125 817 solet
1152 761 1230 818 certa
1258 759 1289 817 in
1316 776 1450 820 sermone
1478 777 1565 820 sacro

248 853 355 928 τέλειος
374 856 413 916 ad
431 857 560 916 aetatem
578 858 681 932 potius
700 875 791 933 qoam
811 857 850 914 ad
867 855 1073 934 integritatem
1091 857 1223 934 corporis
1242 860 1385 933 spectare,
1403 857 1565 918 sedetiam

247 953 424 1026 necessario,
443 957 477 1014 ut
496 955 607 1031 optime
626 957 744 1014 monuit
756 955 975 1030 Haussoullier‚
993 957 1114 1032 negatio
1133 952 1175 1032 μή
1194 959 1264 1014 ante
1281 952 1387 1026 τέλειος
1400 955 1566 1031 repetenda
1688 1011 1689 1014 ,

248 1052 315 1112 fuit.
361 1052 459 1113 Hiller
482 1053 610 1129 denique
633 1055 804 1129 nuperrime
827 1053 927 1112 animo
951 1054 1020 1128 post
1043 1054 1121 1112 τελεῖ
1139 1053 1337 1128 supplendum
1355 1053 1515 1130 proposuit
1534 1051 1566 1126 ἐς

247 1149 281 1213 τὸ
305 1149 408 1212 κοινόν
431 1151 510 1211 siout
536 1149 683 1212 diceretur
709 1150 752 1222 εἰς
774 1147 923 1223 Βοιωτοὺς
950 1154 1055 1211 celric:
1082 1150 1234 1226 privatum
1258 1169 1320 1210 esse
1348 1151 1453 1209 fanum
1476 1151 1566 1210 soda-

248 1249 313 1308 licii
336 1249 477 1324 alicuius3
504 1250 665 1308 introitum
687 1250 815 1309 externis
838 1250 942 1308 vetari.
987 1249 1051 1308 Nec
1073 1251 1176 1307 tamen
1198 1249 1273 1308 mihi
1297 1249 1460 1325 persuasit,
1490 1267 1566 1324 quo·
1689 1277 1690 1292 ι

249 1347 333 1405 niam
355 1347 400 1405 ita
423 1366 459 1407 ea
481 1366 552 1421 vox,
576 1365 653 1423 quae
677 1365 824 1406 summam
847 1367 910 1406 rem
933 1347 1079 1421 continet,
1107 1343 1137 1417 ἐς
1159 1343 1192 1406 τὸ
1215 1345 1318 1406 κοινόν
1341 1349 1453 1406 omissa
1476 1349 1565 1406 esset.

248 1445 319 1522 lpse
342 1445 415 1504 olim
438 1444 574 1504 dativum
596 1442 669 1506 τέλει
689 1447 710 1504 i.
723 1463 746 1503 e.
761 1446 948 1519 nropislrclci
970 1445 1156 1521 periclitatus
1180 1464 1261 1504 eram
1283 1445 1315 1504 id
1338 1445 1397 1504 dici
1419 1449 1513 1519 ratos,
1538 1447 1566 1505 si

247 1544 319 1619 quis
346 1545 481 1620 impurus
509 1543 612 1602 lanum
639 1543 794 1618 intrasset,
826 1562 896 1602 eum
923 1545 977 1602 aut
1003 1563 1057 1620 per
1084 1545 1296 1620 magistratum
1323 1545 1376 1602 aut
1404 1563 1440 1603 ex
1466 1543 1566 1619 ipsius
1690 1570 1691 1596 ι

248 1640 432 1700 conscientia
458 1659 585 1717 poenam
609 1660 671 1701 essa
695 1641 848 1715 daturum,
876 1641 927 1700 sed
955 1643 986 1700 et
1008 1641 1121 1700 nudum
1142 1638 1223 1713 τέλος
1249 1641 1305 1700 hae
1327 1641 1360 1701 vi
1384 1643 1566 1718 usurpatum

248 1732 406 1821 offendit¹)
430 1743 461 1798 et
483 1740 580 1798 verbis
604 1737 636 1799 ἐν
659 1747 714 1800 νῶι
736 1737 861 1799 ἐσσεῖται
883 1739 960 1798 illud
982 1739 1077 1799 inesse
1100 1741 1151 1799 rix
1173 1742 1281 1816 potest.

341 1986 409 2044 124.
442 1989 499 2043 Are
518 1988 642 2060 (ἐσχάρα)
662 1988 767 2059 lapidis
785 1989 860 2059 nigri
878 1987 1011 2054 voloanii,
1037 1988 1138 2044 effossa
1157 1989 1186 2042 in
1206 1989 1277 2044 eliso
1296 1987 1466 2043 occidentali
1484 1987 1566 2042 urbis

248 2069 478 2220 3021)ssth
498 2069 590 2123 Hiller
613 2085 666 2123 von
689 2067 859 2140 Ghrtringen
883 2071 902 2124 1
906 2071 933 2125 G
955 2069 1036 2122 xlia
1060 2069 1151 2140 suppl.
1170 2087 1197 2124 ιι.
1215 2075 1283 2124 1369
1311 2069 1412 2124 addita
1438 2067 1566 2138 imagine

811 2234 946 2313 Κούρηε·

808 2339 980 2425 celedon]

340 2505 449 2581 Verba,
472 2509 613 2582 quoniam
637 2525 706 2565 arae
729 2505 873 2582 inscripta
892 2509 971 2581 sunt,
994 2504 1181 2565 hauddubie
1200 2505 1244 2563 ita
1263 2504 1566 2584 intellegendum,

252 2607 288 2664 ut
310 2604 430 2683 Virgini
462 2603 582 2664 divinae
614 2604 646 2662 in
673 2604 729 2663 hac
756 2623 809 2664 ara
839 2601 966 2676 πιλανὸς
993 2604 1153 2663 sacrificari
1184 2603 1331 2663 iubeatur.
1378 2602 1422 2662 cf.
1451 2603 1566 2663 similes

250 2721 374 2763 ararum
397 2702 606 2779 inscriptiones
629 2702 748 2763 Atticas
771 2721 799 2760 n.
821 2704 960 2776 19-22,
984 2704 1143 2779 praecipue
1166 2722 1194 2759 n.
1211 2704 1250 2760 21
1271 2693 1451 2782 Ἦρακλέως·
1474 2699 1566 2760 θύειν

251 2801 317 2880 τρία
341 2799 525 2879 μονὸνφαλα.
549 2833 593 2842 -
621 2801 666 2860 De
694 2800 850 2876 placentae
878 2801 925 2859 vel
953 2801 1052 2876 potius
1079 2801 1174 2877 pultis
1201 2819 1307 2878 genere
1337 2797 1416 2875 quod
1445 2800 1566 2858 nomine

249 2897 377 2971 πιλανός
399 2899 585 2976 significatur
607 2900 643 2959 cl.
663 2919 692 2974 p.
709 2900 800 2975 25sq.

342 3147 411 3204 125.
438 3147 470 3202 In
488 3147 582 3202 insula
600 3147 710 3204 Thera
727 3165 815 3217 prope
833 3147 974 3217 Apollinis
993 3147 1142 3218 templum
1163 3147 1231 3215 ‘aas
1244 3149 1320 3202 cicer
1337 3149 1469 3218 sehrdgen
1487 3148 1564 3203 Fels-

250 3230 338 3298 plattc
360 3231 392 3284 ιἰι
414 3231 489 3284 cicer
510 3230 613 3301 prosae
637 3230 843 3299 Eiacebeitung
866 3229 976 3299 (Ldape
994 3233 1067 3295 0,87‚
1088 3229 1164 3283 Hdhc
1181 3231 1257 3295 0,3o‚
1283 3228 1360 3295 Tisse
1377 3231 1566 3297 offo-oye),

252 3311 309 3377 aas
323 3309 368 3364 dic
385 3311 442 3364 sich
460 3311 584 3378 efferebar
602 3309 647 3364 die
665 3310 800 3376 Inachm'ti
816 3310 925 3364 heridit-
959 3310 1029 3364 Wesl
1046 3310 1095 3362 hot
1113 3309 1166 3363 dea
1184 3307 1279 3363 Mt
1300 3308 1459 3374 defecisset
1472 3307 1566 3363 &isse

195 3393 204 3406 ⁸
249 3391 296 3446 cle
314 3391 495 3460 Nymphaion
517 3391 673 3446 mendace.
712 3389 900 3457 Vorlreffliche
923 3389 1046 3456 Schrift’
1084 3387 1155 3442 Edd.
1173 3387 1198 3442 J.
1214 3387 1297 3458 Hogg
1319 3389 1459 3444 iheresoct.
1474 3388 1509 3455 os
1522 3388 1566 3443 the

253 3471 324 3541 Roy.
340 3471 397 3526 Soc.
414 3471 447 3537 of
461 3470 519 3525 Lit.
533 3469 584 3524 Vh
600 3472 692 3540 (1856)
711 3475 753 3536 25,
765 3475 794 3534 93
813 3469 844 3522 R.
856 3468 931 3523 Weil
947 3470 1032 3524 MAI
1045 3469 1071 3522 Π
1089 3487 1117 3538 p.
1133 3473 1166 3522 73
1185 3487 1211 3521 n.
1229 3473 1270 3522 13.
1299 3467 1397 3522 Denuo
1416 3467 1567 3538 exscripsit

253 3550 286 3604 A.
302 3548 392 3604 Schiff
412 3550 581 3620 saepiusque
604 3549 725 3604 contulit
747 3548 837 3604 Hiller
859 3566 883 3603 v.
904 3547 1086 3618 Ghrtringeu,
1110 3548 1159 3618 qui
1182 3547 1274 3603 edidit
1296 3549 1313 3602 1
1320 3549 1347 3605 G
1365 3547 1441 3602 xus
1460 3567 1488 3602 n
1504 3552 1565 3615 3⁵18,

253 3629 328 3683 unde
348 3629 428 3684 Blass
442 3631 556 3686 scm
571 3635 649 3684 4742.
682 3628 722 3684 Gi.
738 3631 825 3684 etiam
844 3645 917 3698 quae
932 3629 1022 3684 Hiller
1039 3630 1070 3682 in
1087 3629 1161 3683 libro
1179 3629 1236 3684 Die
1249 3629 1325 3684 Issaei
1342 3629 1434 3684 Thero
1447 3629 1460 3682 I
1473 3647 1501 3698 p.
1513 3633 1563 3682 1⁶1

255 3710 411 3777 adnotavit,
429 3709 480 3765 ubi
498 3730 526 3781 p.
540 3716 594 3766 284
613 3709 765 3780 imaginem
784 3709 864 3779 rupis
883 3709 1004 3764 addidit.

744 3857 889 3922 Ὑλλέων

787 3963 919 4044 Νύμφαι

634 4083 691 4122 vac.
747 4067 831 4122 δοιαῐ·
851 4069 904 4122 οὐκ
923 4067 1064 4136 ἀποφορὰ.

343 4217 571 4294 Inscriptionem
589 4215 634 4276 IV
648 4235 674 4275 a.
691 4215 757 4276 Ohr.
771 4238 800 4276 ιι.
815 4217 932 4277 saeculo
952 4217 1140 4277 tribuendam
1159 4216 1198 4276 ad
1216 4216 1339 4291 cultum,
1362 4235 1452 4294 quem
1469 4216 1565 4277 tribus

255 4315 445 4392 Hyllsnsium
463 4315 612 4391 Nymphis
632 4306 695 4396 (vel
708 4307 939 4398 Nymphael¹))
958 4317 1012 4375 illo
1031 4317 1114 4392 rupis
1133 4315 1198 4375 loco
1216 4316 1399 4390 insumeret
1417 4316 1565 4392 pertinere

346 4505 372 4572 1)
399 4504 502 4573 poetae
524 4502 685 4573 exemplum
702 4502 1076 4572 velutAesoh.Sept.1009
1099 4499 1207 4558 τοιαῦτ’
1230 4501 1306 4567 ἔδοξε
1325 4504 1397 4575 τῷδε
1415 4500 1566 4572 Καδμείων

253 4579 326 4637 τέλει
344 4599 401 4637 non
421 4581 534 4638 suffieit

348 4726 373 4794 1)
400 4724 500 4779 eodem
523 4726 598 4780 enim
620 4725 682 4780 iura
704 4725 735 4780 ni
762 4725 846 4780 fallor
864 4727 986 4796 Nippur
1008 4729 1038 4780 et
1062 4725 1170 4801 Νύμφᾳ
1195 4725 1382 4780 ιιιιιιιιίἱιιιι
1404 4742 1566 4794 postumum

255 4803 351 4938 ἓξὲξ
365 4804 495 4938 mmo
509 4805 705 4876 Nympharum
713 4805 832 4862 Varensi
847 4806 958 4874 aliquot
970 4805 1164 4862 dedicationes
1178 4805 1336 4876 Nymphae,
1355 4821 1411 4860 non
1424 4804 1567 4876 Nymphis
