3426 5462
694 339 848 396 iuncus
867 359 892 395 n.
913 347 930 396 4
1423 341 1467 406 25

153 513 249 588 atque
271 513 438 589 hieropoeis
461 511 626 587 pecuniam,
650 511 727 570 unde
750 511 897 571 sacrificia
919 510 1032 586 fierent
1055 510 1251 590 assignabant
1273 513 1304 569 et
1326 509 1366 586 id,
1389 512 1469 587 quod

152 613 309 685 postremo
333 609 401 670 eliis
424 609 603 686 quibusdam
627 609 762 686 expensis
786 610 884 670 factis.
897 613 1059 686 supererat,
1083 607 1250 683 tradebant,
1273 609 1412 670 videlicet
1435 613 1470 668 ut

154 707 228 767 inde
246 707 371 768 donaria
389 707 547 767 sollemnia
565 707 611 767 dis
631 707 845 768 dedicarentur.
853 701 892 790 ²⁴)
925 707 981 768 His
1001 710 1101 767 autem
1120 707 1256 768 omnibus
1274 727 1321 768 res
1339 709 1407 785 ipsa
1425 707 1469 767 di-

157 809 231 866 rina
253 809 335 866 tacta
358 825 418 866 non
441 806 568 880 videtur,
592 825 668 882 quae
691 806 759 883 plus
782 809 900 866 centmn
927 825 1020 866 annos
1044 805 1145 865 eedem
1169 806 1230 865 fere
1249 807 1360 866 mansit
1379 808 1469 883 atque

157 904 196 963 ab
220 893 387 981 hieropoeis
409 904 475 964 fieri
498 904 594 964 desita
616 923 676 964 non
701 908 753 965 est.

248 1002 293 1062 De
320 1002 447 1081 singulis
474 1021 571 1080 pauca
598 1003 683 1062 addo.
730 1023 758 1062 v.
778 1005 835 1062 31:
867 1021 927 1062 non
959 1005 1004 1062 est
1035 1002 1115 1078 quod
1147 1020 1213 1060 cum
1240 1002 1468 1080 Dittenbergero

156 1101 226 1161 coll
250 1120 279 1160 n.
301 1103 318 1158 7
339 1104 425 1160 exin:
453 1107 557 1180 στῆσαι
581 1099 635 1178 τὴν
663 1096 717 1180 μὲν
740 1099 773 1162 έν
792 1093 964 1185 Ἐλευσινίῳ
992 1105 1031 1184 τῷ
1059 1097 1118 1160 ὑπὸ
1148 1097 1195 1184 [τῇ
1223 1095 1336 1180 π]όλει,
1361 1133 1403 1141 -
1426 1134 1469 1144 -

155 1197 214 1278 τὴν
241 1196 273 1259 δὲ
301 1195 334 1258 ἐν
359 1192 519 1259 Ἐλευσεῖνι
547 1197 580 1259 έν
602 1203 641 1282 τῷ
661 1199 728 1281 ἱερῷ
753 1197 809 1280 πρὸ
839 1207 892 1259 τοῦ
915 1197 1128 1278 βουλευτηρίου
1151 1198 1313 1275 lapicidam
1340 1201 1470 1260 incidere

156 1297 294 1358 debuisse
323 1315 493 1358 censeamus
516 1295 549 1357 έν
577 1318 606 1357 τε
634 1305 686 1357 τῶι
705 1290 889 1357 Ἐλευσινίου
913 1290 965 1380 (sc.
990 1303 1028 1381 τῷ
1048 1293 1107 1358 eet
1130 1289 1228 1379 πόλει)
1253 1295 1303 1357 καί
1323 1290 1470 1359 Ἐλευσῖνι

155 1393 190 1455 ἐν
222 1400 261 1478 τῷ
289 1395 509 1476 βουλευτηρίωι.
560 1395 623 1456 Nec
652 1397 732 1456 enim
763 1397 825 1456 iam
853 1394 984 1456 dubitari
1011 1397 1120 1473 potest,
1151 1395 1223 1471 quin
1250 1396 1354 1455 fanum
1382 1397 1469 1458 ldlsu-

156 1496 224 1555 sine
245 1496 336 1554 situm
359 1497 459 1571 ipsum
487 1513 607 1570 quoque
631 1486 815 1576 Ἐλευσίνιον
842 1495 1030 1554 nominatum
1058 1484 1151 1576 sit.²⁶)
1197 1493 1288 1554 Recte
1317 1495 1411 1573 igitur
1439 1515 1469 1556 se

155 1593 249 1651 habet
271 1589 304 1651 ἔν
326 1597 419 1675 νειῷ
439 1585 609 1676 Ἐλευσινίῳ
630 1584 785 1652 Ἐλευσῖνι.
832 1591 908 1651 Tum
939 1595 1040 1652 autem
1067 1593 1223 1668 sequentia
1245 1592 1336 1652 verba
1363 1590 1396 1652 ἐν
1418 1601 1470 1653 τῶι

155 1689 371 1769 βουλευτηρίου
400 1689 448 1750 vix
477 1691 512 1749 de
540 1690 670 1751 eiusdem
699 1691 846 1750 Eleusinii
875 1691 1013 1751 senaculo
1041 1690 1177 1769 intellegi
1204 1694 1337 1767 possunt.
1384 1690 1469 1761 Quod

157 1789 233 1848 licet
254 1790 315 1848 iam
338 1789 461 1848 Periclis
485 1791 584 1848 aetate
612 1781 762 1871 firerit²⁶)‚
789 1793 890 1850 temen
918 1790 1016 1865 ipsum
1044 1808 1162 1865 quoque
1189 1788 1222 1848 in
1250 1790 1335 1867 fane,
1363 1786 1395 1849 έν
1418 1798 1470 1850 τῶι

151 1879 340 1946 Ἐλευσινίων
371 1887 463 1946 iusisse
491 1907 506 1946 e
534 1907 562 1946 n.
588 1889 605 1946 7
640 1890 773 1963 apparet,
805 1890 840 1946 ut
871 1885 903 1947 ἕν
931 1908 960 1947 τε
987 1895 1039 1946 τῶι
1064 1879 1247 1946 Ἐλευσινίωι
1271 1878 1417 1947 Ἐλευσῖνι
1440 1891 1471 1947 et

156 1982 191 2044 ἐν
217 1992 268 2044 τῶι
290 1984 502 2065 βουλευτηρίωι
524 1988 679 2061 tamquam
704 2004 799 2062 sequa
821 1985 954 2045 membra
972 1987 1112 2063 coniungi
1130 2004 1190 2045 non
1209 1988 1337 2061 possent.
1374 1985 1469 2046 Urba-

154 2102 230 2140 num
255 2084 350 2160 igitur
372 2084 543 2142 senaculum
562 2082 680 2158 dieitur,
702 2083 754 2142 ubi
772 2083 899 2143 alteram
917 2084 1053 2142 tabulam
1073 2086 1106 2141 ut
1125 2082 1261 2142 omnibus
1281 2082 1468 2144 senatoribus
1549 2093 1553 2102 '

153 2183 277 2257 praesto
306 2183 396 2256 esset,
423 2183 593 2258 posuerunt.
617 2213 661 2223 -
690 2201 718 2240 v.
739 2183 779 2241 36
808 2177 867 2240 ἀπὸ
896 2178 949 2258 μὲν
975 2189 1029 2241 τοῦ
1056 2185 1196 2241 πελανοῦι
1227 2183 1307 2241 recte
1336 2181 1373 2240 ub
1401 2182 1469 2240 aliis

154 2279 305 2354 placentis
328 2277 456 2338 πελανόν
480 2281 619 2339 distinxit
641 2283 745 2339 auctor
767 2279 857 2339 schol.
881 2282 913 2338 in
936 2279 1027 2338 Arist.
1047 2277 1125 2338 Plut.
1147 2279 1224 2338 661:
1248 2275 1343 2338 ἰστέον
1367 2276 1399 2339 δὲ
1424 2277 1467 2339 ὅτι

152 2375 210 2438 τὸν
233 2373 287 2454 μὲν
309 2376 438 2437 πελανδν
461 2375 494 2438 έν
516 2383 556 2462 τῷ
579 2375 650 2457 πυρί
674 2376 823 2458 ἔρριπτον,
851 2375 886 2437 τὰ
909 2373 940 2437 δὲ
964 2375 1084 2437 πόπανα
1107 2373 1157 2436 καὶ
1184 2375 1253 2448 τοὺς
1282 2380 1469 2450 πλακοῦντας

152 2471 208 2534 καὶ
230 2467 318 2534 τᾶλλα
341 2473 373 2534 ἐν
396 2471 475 2557 μέρει
498 2483 551 2536 τοῦ
573 2476 677 2554 βωμοῦ
701 2474 845 2536 ἐτίθεσαν.
884 2475 982 2536 Ceteri
1000 2477 1114 2536 veteres
1139 2477 1336 2553 grammatici,
1359 2475 1411 2534 ubi
1430 2475 1466 2535 de

151 2574 214 2632 bac
236 2592 268 2632 re
292 2575 399 2652 agunt,
427 2577 480 2632 aut
502 2573 680 2634 secernenda
710 2574 895 2635 confundunt
923 2577 976 2633 sut
1003 2574 1080 2632 falsa
1107 2573 1232 2652 fingunt.
1278 2572 1468 2650 Quamquam

152 2671 268 2731 rectius
290 2671 328 2732 iis
351 2672 495 2732 iudicium
518 2673 709 2749 suppeditare
732 2674 895 2749 potuerunt
914 2672 1108 2749 Sannyrionis
1127 2673 1218 2732 verba
1235 2675 1341 2748 poetae
1361 2673 1466 2732 comici

155 2763 319 2851 (Harpocr.
343 2788 364 2830 s.
384 2790 411 2830 v.
434 2763 588 2852 πελανός)ι

478 2875 605 2937 πελανὸν
628 2881 776 2956 καλοῦμεν
799 2873 884 2956 ἡμεῖς
906 2877 939 2938 oi
959 2879 1029 2939 θεοί

477 2972 630 3036 decisivo
653 2984 767 3054 σεμνῶς
790 2970 898 3054 ίίλφιθ’
925 2973 1010 3055 ὑμεῖς
1033 2976 1065 3036 οἱ
1085 2975 1193 3057 βροτοί.

153 3090 255 3150 Hodie
274 3089 420 3170 Stengelii
427 3084 466 3174 ³⁷)
486 3111 577 3169 opera
595 3095 712 3152 constat
730 3091 857 3154 πελανὸν
876 3112 936 3153 non
954 3094 1122 3170 placentem
1141 3093 1262 3168 iustum,
1284 3093 1334 3152 sed
1353 3093 1469 3169 pultem

152 3190 259 3266 potius
281 3181 428 3272 fuissem),
452 3191 499 3249 cui
523 3209 581 3250 non
604 3190 682 3250 male
701 3186 810 3266 ίίλφιτα
828 3195 1072 3268 compararentur
1080 3182 1128 3273 ²⁹),
1147 3192 1285 3268 idemque
1304 3191 1359 3251 hoo
1378 3190 1468 3250 sacri-

154 3287 259 3346 ficium
281 3287 408 3364 pristino
432 3288 526 3348 victui
549 3288 683 3349 debitum
705 3290 738 3347 in
760 3289 923 3349 inferorum
945 3291 1136 3366 potissimum
1160 3289 1283 3349 deorum
1311 3289 1395 3349 cultu
1417 3288 1468 3347 ob·

153 3385 284 3446 tinuisse
307 3387 437 3446 ostendit
459 3405 513 3446 nec
535 3405 595 3446 non
619 3406 679 3463 qua
702 3387 737 3446 de
761 3407 850 3447 eausa
872 3389 920 3448 hie
944 3387 1129 3463 obtinuisset,
1154 3388 1322 3463 explicavit.
1367 3386 1469 3465 Ipsam

154 3487 259 3546 autern
282 3485 375 3561 pultis
397 3486 487 3546 huius
510 3490 649 3546 naturam
673 3488 842 3546 accuratius
861 3486 982 3545 definire
1005 3487 1083 3546 licet.
1125 3487 1206 3568 'Nam
1231 3505 1299 3544 cum
1321 3489 1353 3544 in
1375 3487 1466 3545 ratio-

152 3582 244 3643 nibus
267 3583 328 3643 illis
352 3585 470 3663 legatur
490 3605 516 3644 v.
533 3587 597 3644 279
621 3585 782 3662 κεφάλαιον
800 3589 916 3664 κριθῶν
935 3582 1072 3662 μέδιμνοι
1091 3617 1132 3626 -
1154 3616 1195 3626 -
1215 3580 1336 3644 -ἀπὸ
1355 3582 1467 3643 τούτων

229 3739 274 3806 24)
294 3737 329 3792 ef.
340 3753 413 3806 quae
427 3736 587 3792 accuratius
597 3737 632 3793 de
646 3739 707 3792 teta
721 3736 775 3792 hac
785 3753 822 3802 re,
833 3737 985 3806 praecipue
997 3737 1032 3790 de
1045 3737 1164 3805 ratione,
1179 3752 1252 3806 quse
1266 3737 1340 3792 inter
1354 3735 1372 3790 λ.
1383 3739 1467 3792 Etru-

154 3815 276 3872 σινόθεν
295 3819 324 3872 et
342 3817 360 3871 l.
381 3817 410 3887 ἐγ
429 3819 532 3889 βουλῆς
550 3817 751 3883 intercedebat,
771 3817 888 3887 exposui
910 3819 984 3872 Mus.
1005 3819 1092 3874 Rieu.
1112 3817 1148 3872 LI
1166 3836 1193 3887 p.
1209 3823 1260 3870 219
1271 3834 1331 3885 sqq.

230 3899 275 3966 25)
304 3896 432 3953 defendit
452 3897 558 3968 lapidis
580 3897 730 3954 lectionem
757 3901 833 3952 recte
865 3897 923 3952 ism
948 3897 1121 3952 Rubensobn
1146 3898 1469 3969 Mysterieubeiliptsbuer

154 3995 187 4048 p.
206 3981 237 4031 77
258 3995 322 4032 eum
342 3978 405 4032 adn.
420 3995 448 4048 p.
463 3983 511 4044 243
524 3978 584 4032 sid.
605 3995 678 4048 quse
696 3977 830 4033 adnotavi
848 3996 875 4047 p.
891 3984 906 4032 8
925 3979 1041 4032 notit.

230 4059 275 4128 26)
295 4057 328 4113 cs.
349 4056 520 4112 Rubensohn
540 4060 556 4114 λ.
572 4077 594 4114 c.
614 4077 641 4129 p.
656 4065 689 4114 81
701 4077 761 4128 sqq.

229 4140 275 4207 27)
293 4139 408 4194 Hmnes
426 4137 516 4194 XXIX
534 4157 561 4208 p.
576 4143 627 4194 281
639 4157 699 4208 sqq.
719 4139 755 4194 de
778 4137 836 4194 alis
855 4139 929 4193 vocis
953 4136 1073 4202 πελανίς
1095 4139 1302 4210 significatione
1321 4137 1376 4192 vid.
1390 4156 1417 4191 n.
1434 4143 1467 4192 98

152 4236 179 4272 v.
198 4223 230 4271 11
252 4219 281 4272 et
299 4234 372 4288 quae
391 4217 431 4274 ibi
451 4218 592 4274 adnotavi.

230 4301 274 4368 28)
294 4298 450 4354 certissima
464 4299 545 4354 testis
560 4303 603 4354 est
617 4301 747 4371 frequens
763 4301 839 4370 apud
854 4300 977 4369 tragicos
992 4299 1075 4354 huius
1090 4299 1164 4354 vocis
1180 4299 1322 4366 memoria,
1342 4299 1376 4354 cf.
1391 4298 1468 4354 locos

153 4395 229 4448 quos
248 4377 364 4449 collegit
378 4377 493 4452 Stengel
507 4379 525 4433 l.
541 4398 564 4435 o.
579 4400 606 4450 p.
622 4385 681 4435 284.
711 4381 792 4435 Adde
807 4379 884 4435 Suid.
900 4380 979 4435 Phot.
995 4397 1015 4434 s.
1030 4398 1068 4434 v.:
1088 4379 1196 4452 λέγεται
1210 4381 1241 4435 δὲ
1255 4381 1375 4444 πελανδς
1391 4411 1422 4420 -—
1434 4412 1467 4420 -

153 4491 190 4501 --
213 4459 263 4513 καλ
284 4459 316 4514 τὸ
344 4461 534 4531 περιπεπηγὸς
557 4461 605 4515 καλ
631 4459 819 4531 ἐξηραμμένον
845 4460 952 4523 ὀστῶδες
975 4459 1100 4529 δάκρυον
1120 4457 1181 4516 οἷον
1199 4459 1364 4533 λιβανωτός,
1383 4458 1468 4530 κόμμι

152 4539 207 4595 καλ
226 4537 241 4593 δ
260 4543 299 4613 τῷ
315 4539 413 4608 μάντει
437 4537 586 4610 διδόμενος
609 4542 711 4610 μισθὸς
735 4539 839 4613 ὀβολός.
878 4539 955 4606 Quae
978 4541 1063 4610 paulo
1086 4542 1171 4596 antea
1194 4540 1271 4610 apud
1290 4540 1405 4596 Suidam
1429 4540 1468 4595 le-

152 4623 275 4692 guntur:
294 4617 419 4688 πελακοί,
439 4653 473 4661 -
493 4653 526 4662 -
546 4623 583 4685 ὡς
602 4620 687 4684 αὐτός
705 4637 784 4691 φησι,
803 4622 907 4689 καρποί
931 4621 1018 4690 μέλιτι
1037 4621 1212 4691 δεδευμένοι,
1235 4622 1306 4676 haec
1329 4621 1469 4675 fluxemut

151 4699 319 4756 cPlatonis
338 4700 425 4772 Legg.
440 4701 478 4754 Vl
493 4701 588 4756 782οι
617 4701 732 4771 θύματά
757 4721 786 4756 τε
812 4702 864 4756 οὐκ
888 4695 923 4770 ἦν
946 4710 1005 4764 τοῖς
1027 4706 1120 4756 θεοῖσι
1139 4705 1208 4774 ζῷα,
1233 4702 1350 4756 κελανοί
1369 4700 1400 4756 δέ
1419 4701 1468 4755 καλ

151 4778 245 4852 μέλιτι
265 4783 369 4849 καρποὶ
388 4781 549 4851 δεδευμένοι
568 4783 616 4837 καὶ
634 4791 751 4837 τοιαῦτα
771 4781 839 4836 ἄλλα
858 4781 931 4850 ἁγνὰ
949 4781 1071 4854 θέματα.
1104 4781 1196 4848 Αὐτός
1213 4782 1302 4853 igitur
1320 4785 1363 4837 cst
1376 4781 1465 4837 Pluto.

152 4861 197 4918 Of.
219 4860 306 4916 etiarn
326 4862 359 4916 R.
377 4862 487 4934 Herzog
506 4865 621 4918 Hermes
637 4861 727 4916 XXIX
744 4880 772 4933 p.
788 4867 848 4916 625.

229 4944 276 5011 29)
295 4942 329 4998 cf.
349 4941 494 4998 Benndorl
511 4944 623 5000 Era-sos
648 4943 799 5000 Vindobo-n.
819 4948 879 4999 378.
