3426 5462
615 1163 961 1250 PRAEFATIO.

736 1355 843 1366 ιιι-

225 1495 313 1561 Inter
341 1494 494 1562 Ioannem
523 1497 561 1562 de
589 1497 683 1562 Prott
710 1500 743 1561 ct
769 1519 834 1581 me,
862 1517 934 1562 cum
963 1497 1050 1584 leges
1077 1515 1183 1560 sacras
1207 1493 1399 1561 Graecorum
1425 1516 1442 1560 6

131 1594 241 1659 1111116
274 1594 471 1682 colligendas
503 1599 601 1680 etque
632 1595 848 1680 explanandas
880 1595 1143 1681 suscepissemus,
1174 1596 1375 1678 convenerat,
1406 1597 1443 1658 ut

132 1679 315 1758 1116161166
338 1699 501 1759 66616661
524 1693 638 1759 1111166
662 1694 702 1758 ad
725 1693 845 1759 cultim
869 1691 1044 1758 Alexandri
1068 1692 1201 1776 eiusque
1223 1711 1442 1756 successorum

131 1791 332 1876 pertinentes
355 1796 502 1877 sumeret,
526 1813 585 1878 ego
609 1792 696 1880 leges
720 1814 827 1857 sacras
849 1795 980 1857 ceteras.
1020 1789 1135 1855 Festos
1158 1789 1213 1854 ille
1237 1787 1338 1856 edidit
1359 1810 1443 1860 anno

134 1889 233 1976 1896,
255 1911 368 1976 regum
392 1889 518 1954 divinos
541 1889 680 1956 honores
704 1891 891 1976 priusquam
915 1888 1036 1974 ederat,
1061 1887 1176 1954 acerbo
1200 1887 1267 1952 fato
1290 1887 1443 1972 abreptus

131 1991 193 2052 est.
240 1986 322 2052 Sane
345 1987 481 2073 schedis,
505 2011 584 2074 quas
607 1987 687 2053 mihi
711 1988 859 2074 reliquit,
882 1987 1065 2053 continetur
1088 1986 1186 2055 etiem
1209 1987 1244 2052 de
1267 1985 1444 2051 Aleceadrt

130 2087 257 2168 steteque
278 2085 483 2152 suceessorum
506 2088 589 2153 611111
611 2088 823 2153 commentatio
846 2086 1054 2171 epigraptice,
1077 2107 1159 2170 quae
1182 2089 1290 2149 tamen
1313 2083 1444 2148 nonita

130 2185 275 2269 perfecta
302 2187 335 2249 et
362 2183 511 2250 absoluta
543 2189 601 2268 est,
632 2189 669 2250 ut
701 2186 770 2250 sine
798 2185 977 2272 longinqua
1003 2183 1216 2248 rectractandi
1244 2186 1276 2247 et
1306 2181 1442 2246 addendi

131 2303 231 2366 opera
254 2283 305 2347 edi
329 2283 441 2366 possit,
463 2284 515 2349 161
538 2284 610 2350 ideo
634 2284 710 2369 quia
733 2283 962 2348 commentatio
981 2285 1055 2347 6116
1074 2303 1193 2346 aunum
1215 2281 1300 2346 1898
1324 2280 1443 2364 scripta

133 2379 262 2445 videtur
288 2401 393 2466 neque
421 2403 547 2467 corum,
575 2404 656 2466 quae
684 2385 798 2467 postea
825 2381 863 2446 de
886 2381 946 2446 hac
970 2379 1156 2465 quaestione
1179 2378 1241 2444 1111
1271 2379 1357 2444 docti
1381 2377 1444 2442 dis-

133 2481 342 2564 putauerunt,
369 2479 436 2544 ulla
464 2479 529 2544 1616
556 2480 639 2546 ratio
667 2480 780 2545 habita
806 2483 869 2564 est,
901 2501 941 2544 ne
969 2499 1079 2544 eorum
1109 2478 1250 2563 quidem,
1283 2498 1365 2562 quae
1388 2475 1443 2542 ille

133 2577 202 2662 ipse
231 2577 269 2640 de
297 2577 386 2642 cultu
414 2577 673 2644 Ptolemaeorum
702 2574 1147 2665 (11111116111111891
1175 2599 1205 2661 p.
1225 2573 1379 2662 460sqq.)
1410 2578 1443 2640 61

131 2675 350 2740 Attalidarum
374 2673 490 2763 (MAI
507 2675 633 2742 XXVII
656 2677 741 2744 1902
764 2700 793 2762 p.
816 2677 876 2742 161
884 2674 969 2764 sqq.)
993 2675 1086 2742 docte
1108 2678 1141 2740 et
1163 2673 1300 2740 feliciter
1324 2673 1442 2749 docuit.

133 2771 239 2850 Quare
260 2795 327 2838 non
350 2775 472 2859 dubito,
496 2776 575 2860 quin
597 2775 692 2843 Prott
713 2797 755 2840 na
777 2776 846 2861 ipse
870 2775 1000 2860 quidem
1028 2773 1329 2840 commentationem
1353 2771 1439 2838 illam

132 2872 179 2936 116
202 2875 239 2936 11
262 2873 383 2957 scripta
405 2876 455 2938 est
481 2873 578 2939 hodie
605 2874 657 2939 edi
680 2874 784 2940 vellet.
830 2872 1070 2958 Deliberabam,
1099 2893 1206 2937 nonne
1229 2893 1336 2936 meum
1360 2874 1444 2936 esset

132 2973 282 3035 6116611
305 2973 479 3036 retractare
506 2977 562 3036 aut
585 2972 672 3056 ipsos
699 2975 785 3037 certe
813 2971 928 3038 titulos
956 2970 1041 3036 inter
1067 2992 1154 3036 mess
1181 2970 1270 3056 leges
1292 2969 1442 3054 recipere.

133 3067 197 3132 Sed
220 3068 364 3134 abstinui
387 3091 460 3134 cum
485 3069 557 3135 eliis
580 3070 619 3135 de
642 3068 747 3135 661616
771 3073 839 3136 tum
863 3069 940 3154 quia
962 3068 1091 3135 interim
1116 3066 1295 3133 Guilelmus
1318 3067 1443 3146 Ditten·

133 3167 248 3252 berger
270 3166 368 3254 longc
390 3167 549 3253 plurimos
577 3191 614 3234 ac
637 3169 847 3257 gravissimos
876 3168 945 3234 eius
968 3166 1095 3254 generis
1119 3166 1233 3233 titulos
1256 3166 1290 3230 iu
1312 3166 1442 3251 egregio

131 3269 164 3329 61
184 3264 357 3330 utilissimo
376 3265 470 3350 libro,
495 3266 550 3351 qui
569 3267 757 3332 inscribitur
779 3266 915 3334 Orientis
936 3266 1050 3333 Graeci
1069 3265 1292 3347 lampenae
1310 3263 1442 3330 86166116

132 3362 274 3450 collegit,
298 3367 335 3427 ut
356 3363 483 3428 facilius
507 3363 586 3430 haec
609 3366 716 3450 operis
739 3364 842 3430 nostri
865 3386 940 3450 pars
964 3363 1136 3430 desiderari
1159 3363 1271 3449 possit

221 3458 289 3525 Iam
313 3482 417 3526 mecm
441 3461 548 3548 legum
573 3484 735 3528 sacrarum
757 3467 883 3549 partem
907 3462 1032 3528 edituro
1056 3483 1159 3547 pauca
1181 3460 1220 3527 de
1243 3460 1442 3545 6116116661-

132 3558 206 3624 silio
230 3558 405 3644 praefauda
433 3564 522 3645 sunt,
547 3562 719 3647 praecipue
747 3561 785 3625 de
808 3561 946 3644 ratione,
974 3583 1070 3645 quam
1101 3560 1135 3624 in
1157 3558 1314 3647 eligendis
1336 3558 1442 3624 titulis

132 3660 261 3722 secutus
285 3679 364 3722 sum.
402 3657 532 3724 Etenim
552 3659 630 3743 quid
654 3659 730 3724 16611
749 3663 865 3744 616611,
888 3659 1009 3725 clarum
1028 3663 1109 3743 erat,
1131 3657 1235 3722 multo
1254 3657 1442 3722 incertiores

132 3756 201 3820 eius
226 3779 321 3840 quam
340 3776 401 3840 ego
424 3756 505 3821 mihi
523 3779 722 3843 sumpseram
743 3759 927 3843 provinciae
945 3758 1035 3822 fines.
1072 3755 1228 3821 Permulti
1247 3756 1332 3821 enim
1351 3759 1444 3821 erant

131 3853 220 3919 tituli
247 3854 286 3919 ad
315 3857 481 3920 externam
509 3877 616 3920 rerum
647 3878 809 3921 sacrarum
836 3859 960 3940 partem
988 3855 1186 3940 pertinentes
1209 3854 1299 3919 16111
1326 3852 1365 3918 de
1387 3853 1442 3918 do·

130 3953 244 4037 uariis,
281 3953 321 4016 da
352 3952 551 4037 supellectile
583 3975 673 4019 16616
705 3953 970 4038 administranda,
1007 3953 1046 4018 de
1077 3951 1278 4017 sacerdotum
1311 3972 1442 4036 anagra-

132 4050 205 4134 phis
234 4054 291 4115 ete.
320 4049 460 4134 decreta,
490 4073 572 4136 quse
600 4056 709 4117 utrum
737 4053 909 4138 reciperem
941 4072 1054 4135 necne,
1086 4050 1228 4115 dubitari
1255 4053 1383 4134 poterat
1411 4052 1443 4114 et

133 4146 285 4212 dubitari.
340 4146 378 4213 Iu
411 4149 597 4216 1111611111
633 4150 768 4216 nimium
806 4172 901 4235 quam
933 4171 1046 4234 parum
1082 4147 1229 4234 praeberi
1266 4146 1442 4233 philologis

132 4247 257 4330 gratius
281 4245 349 4310 1616
373 4245 566 4332 iudicabam,
595 4271 695 4314 unum
719 4251 826 4314 tamen
849 4269 950 4334 genus
974 4248 1095 4314 exclusi
1119 4248 1186 4313 fere
1208 4249 1327 4330 totum,
1354 4246 1442 4334 leges

133 4343 204 4408 dico
229 4344 268 4407 de
291 4346 436 4428 pecuniis
459 4346 633 4431 fundisque
655 4347 849 4433 templorum
872 4346 1143 4430 administrandis,
1166 4346 1243 4431 quia
1265 4366 1283 4410 e
1305 4344 1442 4431 singulis

131 4463 239 4506 earum
270 4444 449 4529 praeceptis
475 4443 600 4510 nullum
629 4445 695 4510 fere
727 4444 813 4530 ipsas
842 4467 893 4510 res
926 4466 1032 4510 sacras
1064 4444 1233 4532 tangebat,
1266 4441 1442 4509 cavendum

131 4542 239 4606 autem
266 4545 348 4624 6161,
375 4563 415 4606 16
439 4543 579 4608 ambitus
603 4531 709 4628 operis
733 4543 783 4609 vel
806 4565 863 4628 per
886 4565 921 4608 se
948 4543 1055 4629 ipsum
1083 4543 1162 4608 satis
1186 4563 1320 4629 magnus
1344 4541 1440 4608 nimis

130 4641 310 4724 augeretur.
356 4637 426 4704 Illis
454 4645 560 4706 6116111
589 4663 671 4725 quos
698 4640 792 4707 modo
821 4641 888 4706 dixi
916 4640 1022 4706 titulis
1050 4640 1245 4726 permultum
1269 4638 1367 4725 spatii
1391 4661 1441 4706 66

130 4738 282 4820 cupatum
306 4741 399 4822 esset,
423 4738 451 4802 11
471 4738 608 4822 quidem,
630 4740 668 4802 ut
686 4739 832 4824 exempla
849 4739 988 4822 afferam,
1011 4743 1044 4803 et
1062 4737 1191 4804 tabulas
1211 4737 1441 4804 Heracleenses

129 4838 162 4899 st
184 4834 305 4900 multos
332 4835 407 4902 illos
435 4835 474 4900 de
501 4837 645 4902 locandis
673 4837 780 4904 fundis
809 4837 912 4919 sacris,
936 4837 1052 4903 titulos
1075 4837 1274 4923 Mylasenses
1301 4837 1442 4922 recipere

129 4933 318 4999 debuissem.
365 4933 516 5000 Attamen
545 4935 698 5022 legrmtur
724 4935 810 5022 apud
838 4958 887 5001 me
916 4936 1078 5002 decretum
1105 4935 1145 5001 de
1171 4936 1248 5002 sano
1275 4933 1369 5002 Nelei
1397 4935 1442 5000 16

1214 5039 1228 5070 1

690 5296 922 5398 traaas
