3434 5464
245 345 287 410 70
750 339 863 396 Ladas
883 339 1022 394 sadala

232 507 282 597 (cs.
307 536 330 575 e.
346 537 372 594 g.
391 535 419 575 v.
436 515 454 574 2
474 517 505 574 et
524 505 558 594 4)
582 513 718 572 testatur.
765 511 849 570 Unde
878 529 943 569 cnm
971 511 1002 568 in
1030 511 1120 569 titulo
1144 510 1220 569 nulli
1242 509 1436 588 magistratus
1460 513 1540 570 sacri

231 616 289 673 nisi
316 610 444 693 νακόρος
471 614 502 671 et
529 609 665 692 ἰαροργός
697 611 978 683 commemorantur,
1010 606 1147 688 ιάροργός
1178 615 1278 668 autem
1311 610 1375 687 ipse
1410 628 1539 686 poenam

232 712 402 771 traditionis
429 709 582 787 improbae
606 710 722 786 exigere
745 707 884 766 iubeatur
906 700 948 789 (v.
970 698 1012 788 5),
1041 705 1079 766 ad
1107 706 1260 766 aedituum
1288 711 1449 784 praecepta
1471 728 1540 785 per·

230 812 325 870 tinere
344 809 486 868 Baunaclr
509 809 673 867 rectissime
697 807 804 866 statuit
826 805 962 881 idemque
984 804 1072 864 initio
1096 804 1207 864 decreti
1223 805 1318 881 ipsius
1337 805 1541 878 confirmatur,

231 908 283 967 ubi
305 906 356 967 τὸν
375 905 503 988 νακόρον
518 907 682 966 subiectum
697 904 781 964 verbi
798 901 979 984 παρδιδόμεν
997 923 1059 964 0000
1078 905 1270 963 manifestum
1289 906 1341 964 est.
1378 905 1542 964 Difficilior

232 1008 326 1067 altera
350 1008 613 1083 quaestioneque,
644 1023 718 1080 quae
743 1003 886 1062 Bannaclr
909 1003 945 1062 de
967 1003 1024 1062 bac
1047 1003 1220 1079 disputavit,
1248 1002 1322 1062 mihi
1347 1005 1448 1062 omnia
1470 1023 1540 1080 pro-

231 1105 350 1165 bantur.
397 1104 441 1164 Ac
469 1105 598 1181 primum
627 1102 745 1178 quidem
774 1102 855 1177 quod
881 1101 950 1160 inde
979 1101 1016 1161 ab
1039 1102 1067 1159 A
1090 1103 1156 1160 ut
1185 1102 1400 1178 supellectilem
1423 1121 1542 1162 sacram

232 1195 350 1285 (σκεῦα)
380 1202 556 1262 tradendam
586 1200 731 1260 recenseri
763 1204 846 1259 ratus
874 1203 961 1259 antee
989 1199 1024 1259 de
1051 1201 1178 1275 pecunia
1205 1218 1290 1260 sacra
1316 1200 1462 1260 tradenda
1489 1201 1540 1280 agi

232 1303 360 1362 coniecit
383 1301 500 1360 collatis
523 1299 690 1359 rationibus
708 1298 848 1374 Deliacis,
871 1297 923 1356 ubi
941 1300 974 1356 in
993 1300 1090 1357 fronte
1109 1300 1201 1358 stelae
1220 1300 1366 1374 quantum
1387 1299 1542 1376 pecuniae,

231 1401 263 1458 in
286 1403 370 1478 tergo
395 1401 539 1475 quantum
558 1397 751 1475 supellectilis
769 1397 963 1474 magistratus
982 1397 1124 1456 abeuntes
1143 1396 1323 1456 tradiderint
1341 1399 1542 1474 perscriptum

233 1491 319 1578 esti),
341 1499 463 1556 minime
482 1497 556 1555 mihi
574 1497 730 1574 persuasit.
767 1495 845 1554 Nam
863 1498 1073 1572 praeterquam
1092 1494 1172 1571 quod
1190 1515 1217 1553 r.
1234 1497 1252 1554 2
1272 1497 1342 1554 ante
1360 1492 1430 1568 τὰνς
1448 1491 1542 1568 diove

232 1616 339 1656 nomen
367 1596 544 1655 femininum
575 1595 658 1654 illius
691 1595 856 1654 sententiae
884 1597 987 1670 aptum
1015 1613 1074 1653 non
1102 1593 1190 1652 facile
1218 1594 1386 1670 suppletur,
1418 1596 1542 1655 omnino

232 1715 324 1753 unum
348 1694 500 1754 aedituum
528 1713 587 1753 non
615 1692 702 1751 modo
729 1692 935 1769 supellectilis,
961 1691 1081 1751 sedvel
1110 1691 1302 1768 pecuniarum
1326 1711 1427 1752 curam
1450 1696 1540 1753 susti-

233 1795 331 1852 nuisse
364 1811 507 1869 perquam
538 1790 735 1868 improbabile
762 1791 845 1850 duco.
892 1787 990 1859 Quid?
1022 1789 1100 1866 quod
1132 1809 1169 1849 ne
1196 1790 1387 1850 donariorum
1419 1791 1542 1868 quidem

233 1893 532 1966 omamentorumquo
555 1888 660 1965 templi
683 1907 786 1948 curam
812 1907 902 1965 penes
924 1889 1003 1948 hunc
1025 1889 1117 1948 fnisse
1144 1889 1286 1964 suspicor.
1333 1887 1418 1948 (lerte
1440 1889 1474 1949 in
1496 1891 1542 1950 in-

233 1988 296 2048 dice
319 2008 417 2048 rerum
440 1988 660 2062 tradendarum,
683 1990 828 2063 quantum
853 1987 973 2064 quidem
996 1989 1087 2060 extat,
1110 1987 1147 2045 de
1169 1987 1216 2046 his
1234 1987 1320 2046 nulla
1337 1987 1402 2047 fieri
1420 1987 1543 2047 ridetur

233 2089 354 2162 mentio,
377 2085 428 2146 sed
451 2085 635 2146 solummodo
658 2085 693 2143 de
717 2087 922 2145 instrumentis
946 2087 989 2144 rei
1012 2084 1130 2143 divinae
1149 2086 1252 2162 ipsine,
1275 2086 1308 2143 in
1326 2085 1434 2160 quibus
1452 2086 1542 2145 nimi·

232 2205 298 2244 rum
321 2185 411 2245 etiam
435 2184 633 2244 instrumenta
655 2175 802 2264 medica⁸)
825 2183 961 2242 habenda
984 2185 1061 2242 sunt.
1100 2181 1249 2243 Concludo
1273 2183 1367 2262 igitur
1387 2183 1542 2244 aedituum

233 2304 292 2343 000
315 2303 416 2344 omnes
439 2301 485 2342 res
509 2281 691 2372 deisacras,
715 2281 767 2341 sed
789 2281 973 2342 solummodo
997 2300 1059 2358 eas,
1087 2299 1164 2358 quae
1188 2281 1224 2340 ad
1247 2300 1334 2341 usum
1357 2282 1542 2342 cotidianum

232 2384 276 2442 rei
290 2383 409 2442 divinae
423 2400 583 2457 curamque
598 2381 785 2460 aegrotorum
800 2379 998 2457 pertinebant,
1017 2379 1134 2439 tradere
1152 2379 1287 2440 debuisse
1302 2399 1410 2457 easque
1423 2382 1542 2458 merito,

233 2482 305 2558 quia
327 2481 381 2540 has
406 2479 542 2538 aedituus
564 2481 629 2555 ipse
651 2480 810 2555 praecipue
833 2469 1018 2560 tractabat.⁹)

321 2578 441 2638 Rectius
465 2577 608 2636 Baunack
641 2576 676 2636 de
709 2579 804 2636 altero
836 2575 914 2653 quod
942 2577 997 2636 hoo
1025 2578 1141 2636 decreto
1169 2575 1204 2635 fit
1231 2577 1401 2638 discrimine
1424 2581 1542 2639 statuit.

194 2675 197 2682 “
232 2677 332 2736 Verba
355 2676 433 2736 enim
451 2673 538 2755 χωρὶς
561 2665 603 2734 ὧν
622 2667 649 2734 κ’
667 2672 755 2746 αὐτὸς
773 2673 970 2755 παρλελόνβηι
993 2674 1106 2735 σκεύων
1125 2677 1238 2750 optima
1257 2695 1291 2735 eo
1310 2672 1436 2752 rettulit,
1460 2678 1543 2754 quod

233 2774 271 2834 ab
294 2776 508 2850 instrumentis,
532 2793 608 2850 qnae
630 2775 692 2833 iam
714 2775 855 2850 priores
882 2772 1005 2852 νακόροι
1032 2776 1062 2832 et
1089 2777 1266 2851 acceperant
1288 2777 1318 2834 et
1345 2775 1542 2852 tradiderant,

233 2891 277 2947 ea,
301 2892 377 2949 quae
400 2875 477 2949 ipse
500 2891 554 2949 per
576 2872 620 2932 sui
645 2871 839 2950 magistratus
862 2875 981 2949 tempus
1004 2876 1167 2948 acceperat,
1191 2872 1428 2952 distinfflmntur,
1452 2878 1483 2934 et
1506 2875 1542 2936 de

233 2971 293 3030 illis
316 2971 500 3030 solummodo
526 2972 637 3030 certam
660 2989 809 3046 normam,
832 2972 951 3047 qualem
974 2971 1165 3030 hauddubie
1188 2971 1330 3032 habemus
1352 2971 1381 3031 A
1396 2973 1496 3032 a-13
1513 2975 1542 3047 3,

233 3071 375 3130 constitui
402 3089 487 3146 posse
515 3071 639 3129 monuit.
685 3068 798 3128 Eodem
825 3069 944 3129 rettulit
970 3070 1062 3128 etiam
1085 3069 1176 3129 verba
1203 3066 1253 3129 καὶ
1278 3067 1464 3148 ἀνκλημὲνας
1491 3069 1542 3131 καὶ

233 3165 341 3240 ratiove
364 3169 432 3228 a3:
457 3164 657 3246 ‘dvalqps'vug
678 3167 747 3226 sind
769 3167 816 3226 dic
832 3165 980 3236 Solimon,
1004 3169 1051 3227 dia
1073 3167 1340 3243 1010111θῇ00ρθἀο
1362 3166 1489 3248 νακόρος
1509 3171 1543 3228 in

230 3265 353 3342 olciclcr
383 3266 476 3326 Weiss
498 3285 535 3325 ru
557 3265 717 3340 dborpebca
739 3266 798 3334 lat,
821 3265 872 3326 der
897 3265 1089 3338 ertdstoclq
1112 3265 1213 3326 deseca
1231 3265 1316 3326 Hele
1338 3268 1393 3326 doe
1414 3268 1542 3342 Tcrnpel-

230 3369 323 3440 praetr
355 3366 496 3425 beslimmt
526 3365 583 3423 hot.
630 3363 677 3422 Zu
708 3364 807 3423 diesen
833 3364 923 3423 tiara
950 3365 1081 3423 toramen
1108 3361 1172 3436 (roi
1193 3361 1302 3437 πλέανς
1324 3359 1391 3444 τὰς)
1418 3366 1465 3425 die
1491 3383 1540 3425 so-

232 3464 362 3538 stillicon,
374 3463 456 3537 jedes
474 3463 554 3523 Jalr
571 3463 789 3522 cersolu'edcarn
803 3463 992 3521 Eiucatmca
1010 3463 1062 3521 dor
1077 3456 1295 3536 Transeamus!
1334 3461 1391 3522 Sed
1410 3467 1541 3539 prseter-

233 3581 324 3638 quam
343 3560 425 3638 qnod
442 3561 478 3620 de
497 3562 629 3637 pecuniis
647 3561 696 3620 hic
715 3580 774 3620 non
794 3579 856 3621 esse
874 3579 1038 3621 sermonem
1057 3579 1147 3638 supra
1165 3561 1276 3636 meniu,
1294 3555 1326 3620 id
1345 3561 1424 3636 quod
1442 3562 1540 3638 ipsam

233 3655 412 3720 discriminis
444 3660 591 3719 rationem
620 3679 679 3718 non
706 3660 819 3738 tangit,
852 3658 1069 3718 dubitationem
1096 3661 1197 3719 movet
1223 3659 1431 3735 interpretatio
1459 3662 1541 3719 vocis

232 3754 425 3836 ἀνκλημὲνας.
471 3758 549 3816 Nam
580 3759 634 3817 etsi
668 3759 794 3816 formam
822 3756 906 3816 verbi
932 3753 1084 3817 ἀνακαλέω
1117 3756 1236 3816 subesse
1264 3757 1328 3817 veri
1354 3757 1541 3818 simillimum

233 3858 291 3931 est,
323 3859 423 3916 tamen
455 3854 537 3933 quod
563 3857 615 3914 ille
643 3875 708 3914 eam
736 3855 909 3915 vertendam
936 3858 1025 3932 putat
1056 3858 1109 3914 aut
1142 3850 1204 3914 ‘dic
1231 3857 1272 3914 im
1298 3855 1446 3933 ψάφιμμα
1472 3857 1540 3930 aas·

230 3949 389 4030 prsilhttcc'
415 3957 468 4013 aut
491 3949 552 4020 ‘die
569 3953 645 4029 <oon
662 3953 760 4029 jedem
781 3952 908 4034 νακόρος
932 3955 975 4014 bei
993 3954 1044 4012 der
1065 3942 1233 4032 draicote>
1251 3955 1540 4029 amsteloqefordcrtea

232 4047 391 4122 Summcc’,
414 4053 445 4112 id
469 4033 549 4111 certo
573 4051 766 4111 firndamento
790 4054 879 4112 caret.

322 4152 367 4211 De
399 4152 525 4230 singulis
552 4151 625 4210 haec
652 4153 807 4227 praeterea
834 4149 918 4210 addo.
964 4149 1082 4210 Auss
1111 4147 1184 4209 κατὰ
1211 4158 1270 4210 τῶν
1293 4147 1411 4228 adppov
1419 4142 1470 4231 11);
1503 4151 1540 4210 de

323 4306 349 4374 ⁹1)
382 4303 473 4359 ΒΘΗ
488 4303 526 4357 v]
545 4321 571 4372 p.
588 4307 687 4372 29sqq.
708 4301 905 4374 Dittenborger
924 4301 1006 4374 Syll!
1024 4308 1084 4356 688.

322 4386 349 4453 8)
376 4384 453 4439 velut
471 4383 585 4452 ξύστραι
605 4385 650 4453 (Β.
666 4387 692 4454 2)
712 4383 765 4438 ie.
780 4385 898 4454 stipites
916 4385 945 4437 at
962 4379 1083 4450 κόπανα,
1109 4383 1133 4437 si
1151 4383 1235 4438 modo
1253 4387 1329 4438 recte
1348 4383 1401 4439 hoc
1419 4384 1540 4439 vocabu·

233 4462 291 4517 lum
310 4464 397 4519 Baun.
417 4463 618 4533 interpretatur
637 4463 759 4520 ‘Md‘rscr
775 4465 825 4531 fair
843 4465 887 4519 dic
901 4464 1003 4518 Pulcer
1020 4463 1070 4530 sair
1088 4463 1132 4518 die
1151 4464 1316 4532 Ii'raulcen'3
1335 4461 1485 4532 ἀρυταίνια
1503 4464 1539 4518 ad

232 4543 365 4598 balneum
383 4545 535 4615 pertinent,
554 4543 588 4598 cf.
609 4531 718 4598 P011.‘x
733 4550 775 4599 63.

322 4627 348 4694 9)
376 4624 531 4678 notandum
552 4626 622 4694 puto
646 4623 675 4678 in
695 4623 861 4696 Oropiorum
885 4625 920 4678 do
946 4625 1121 4695 supellectile
1146 4641 1225 4680 sacra
1242 4624 1409 4695 Amphiarai
1427 4625 1540 4680 decreto

234 4705 271 4772 (n.
290 4707 334 4775 ct)
362 4704 471 4758 nnllam
499 4704 611 4758 omnino
638 4705 810 4760 mentionem
834 4705 940 4761 aeditui
963 4706 1032 4760 fieri.
1074 4705 1249 4775 Quamquam
1272 4721 1339 4760 rasa
1360 4705 1452 4761 fracta
1475 4721 1540 4761 eum

234 4785 370 4839 servanda
389 4785 530 4854 accepisse
548 4787 670 4840 testetur
688 4787 708 4839 I
712 4785 737 4840 G
755 4785 807 4840 Vll
822 4791 890 4840 3498
909 4805 934 4840 v.
952 4791 991 4840 17.

307 4868 351 4935 10)
379 4864 450 4919 miro
473 4865 557 4919 modo
580 4863 691 4934 κόρμων
716 4865 790 4920 idem
814 4883 874 4920 0000
898 4885 931 4921 aa
953 4864 1064 4938 κόσμων
1083 4867 1171 4922 Baun.
1190 4867 1318 4938 negarit,
1342 4869 1408 4937 quia
1430 4869 1492 4922 tum
1511 4869 1541 4922 in

235 4941 289 4998 hac
311 4960 376 5000 rooc
401 4961 436 5014 σμ
458 4943 542 5000 aliter
564 4947 717 5000 mactatum
740 4949 815 5002 esset
837 4951 923 5018 atque
946 4945 976 5002 in
998 4947 1149 5020 ψάφιμμα,
1176 4947 1291 5020 legique
1313 4948 1404 5004 voluit
1429 4957 1542 5020 κορμῶν
