3424 5462
719 308 811 364 cuns
831 329 856 364 n.
874 317 906 366 or
1402 315 1464 380 271

152 476 246 538 bavit.
279 476 358 537 (lena
377 480 456 536 enim
474 478 595 554 publica
612 478 752 555 ludisque
771 480 847 538 nihil
866 481 1088 540 demonstratur
1101 483 1156 540 illa
1170 485 1344 558 praesertim
1360 487 1469 560 aetate,

154 594 216 650 qua
237 577 313 634 talia
336 575 417 635 haud
435 595 503 635 raro
522 575 741 636 munificentiae
760 579 947 653 privatorum
966 579 1157 639 debebantur.
1193 582 1295 658 Atque
1314 601 1383 640 eum
1402 584 1466 659 qui·

154 672 224 732 dem
247 674 389 749 ordinem,
413 673 465 750 qui
487 674 544 734 hac
566 675 632 752 lege
651 675 844 734 constituitur
862 694 924 736 esse
943 696 1053 736 novmn
1072 697 1141 736 cum
1158 679 1251 738 totius
1270 681 1346 757 legis
1363 683 1469 739 tenore

152 775 219 830 tum
242 791 258 830 e
281 793 309 832 v.
329 774 368 830 41
396 775 530 848 apparet.
567 773 662 830 Immo
686 773 722 832 de
744 774 889 849 principis
914 775 1039 834 alicuius
1063 776 1111 835 dei
1134 779 1226 836 saeris
1248 797 1310 836 non
1332 779 1382 857 agi
1405 779 1466 838 ool-

152 871 216 948 h'go
238 870 316 944 inde,
341 869 419 946 quod
442 890 469 930 v.
492 873 581 946 14sq.
601 871 632 929 in
655 870 753 930 verbis
777 870 944 947 δοκιμάζειν
964 869 995 931 δὲ
1019 871 1053 932 τὰ
1077 873 1166 953 ἱερεῖα
1188 873 1258 946 τοὺς
1280 875 1469 954 προβούλους

153 966 204 1028 καὶ
227 967 279 1028 τὸν
301 967 409 1046 ταμίαν
427 967 477 1027 καὶ
500 967 552 1048 τὸγ
573 969 690 1046 κήρυκα
711 966 761 1028 καὶ
784 967 969 1046 ἀφίστασθαι
993 967 1027 1029 τὰ
1051 969 1120 1050 κρέα
1143 969 1193 1030 καὶ
1211 980 1269 1032 τῶν
1288 973 1375 1053 ἱερῶν
1393 994 1466 1054 rapo-

153 1066 294 1127 ίστασθοι
321 1067 483 1127 sacerdotis
510 1067 623 1126 nullius
651 1067 762 1126 mentio
790 1067 838 1141 fit;
868 1070 998 1128 victimis
1028 1070 1107 1128 enim
1129 1070 1291 1146 probandis
1314 1072 1468 1148 sacrisque

153 1165 292 1225 curandis
316 1164 500 1226 sacerdotem
524 1164 572 1223 dei
595 1166 672 1238 eius,
700 1165 736 1224 de
760 1168 844 1225 cuius
868 1169 953 1227 cultu
975 1168 1087 1246 agitur,
1116 1188 1176 1228 non
1198 1171 1339 1229 interesse
1362 1171 1468 1246 utique

150 1265 261 1323 mirum
289 1265 342 1337 est,
373 1265 405 1322 in
434 1263 517 1322 cultu
544 1265 725 1340 antiquitate
754 1268 784 1323 et
812 1267 990 1324 auctoritate
1018 1266 1130 1344 insigni
1152 1268 1202 1325 vix
1230 1267 1378 1327 credibile.
1424 1268 1469 1328 Ut

151 1380 231 1421 nunc
249 1379 297 1420 res
317 1364 371 1436 est,
392 1362 595 1438 quaestionem
614 1361 771 1421 diiudicari
791 1382 849 1422 non
868 1382 956 1438 posse
974 1367 1057 1440 puto,
1076 1365 1135 1424 uisi
1154 1367 1220 1440 quis
1244 1365 1366 1426 lacunas
1384 1366 1466 1424 initii

150 1460 249 1534 tituli,
276 1459 329 1518 ubi
355 1478 462 1518 noman
486 1459 621 1518 divinum
648 1460 742 1519 letare
770 1462 936 1520 necessario
964 1463 1156 1522 statuendum
1184 1455 1293 1544 estu),
1323 1467 1467 1525 restituit.

154 1558 212 1618 Sed
232 1557 284 1634 qui
306 1557 369 1633 fiat,
392 1577 575 1634 quamquam
597 1557 695 1617 Hiller
717 1558 753 1618 de
778 1557 958 1636 G'a'rtringen
978 1563 1008 1619 et
1026 1560 1112 1620 Prott
1135 1564 1249 1620 certum
1267 1562 1468 1622 restitutionis

153 1656 382 1715 fundamentum
405 1657 547 1730 iecerunt
571 1657 676 1716 nescio.

241 1753 277 1813 V.
293 1757 310 1812 1
336 1756 479 1830 quoniam
498 1773 589 1831 supra
612 1774 679 1814 aum
698 1755 775 1831 lapis
794 1757 956 1832 inscriptus
975 1759 1105 1830 nonest,
1129 1758 1249 1816 initium
1268 1760 1361 1817 totius
1380 1760 1466 1818 tituli

151 1853 296 1925 continet3
318 1852 483 1927 incipiebat
506 1856 614 1930 autem,
639 1853 664 1912 si
688 1853 806 1929 quidem
829 1853 919 1913 lectio
943 1847 1062 1913 ΕΙΣΙΝ
1089 1858 1170 1914 certa
1192 1856 1321 1931 videtur,
1344 1876 1363 1915 a
1381 1857 1465 1915 bravi

150 1950 280 2028 quodam
308 1951 463 2009 enuntiato
491 1950 648 2026 primario,
676 1951 757 2027 quod
785 1951 939 2011 desinebat
965 1953 998 2010 in
1024 1951 1100 2012 εἰσίν
1123 1955 1154 2012 et
1183 1956 1361 2030 praescripti
1382 1955 1466 2015 hand

150 2048 239 2107 dubie
261 2047 359 2108 locum
382 2041 554 2130 tenebat.¹²)
590 2047 705 2108 Deinde
729 2067 891 2108 sermonem
916 2050 1008 2110 fuisse
1032 2050 1067 2110 de
1090 2052 1166 2129 legis
1186 2053 1357 2112 auctoribus
1376 2053 1465 2112 Prott

149 2147 235 2217 vidit,
258 2146 446 2206 scribendum
468 2147 564 2224 igitur
586 2143 637 2206 τὸν
660 2143 692 2206 δὲ
715 2141 824 2226 νόμο[ν
846 2144 1020 2226 εἰσήνεγκον
1044 2149 1090 2208 vel
1115 2147 1308 2230 συνέγραψαν
1330 2150 1378 2210 vel
1401 2151 1465 2210 tale

150 2244 274 2319 aliquid.
310 2243 509 2303 Probulorum
532 2244 638 2304 deinde
661 2265 769 2305 nomen
791 2245 829 2303 ab
853 2244 956 2304 eodem
979 2247 1092 2322 optime
1115 2251 1146 2306 et
1168 2247 1320 2307 evidenter
1343 2251 1463 2308 restitu-

149 2345 215 2401 tum
238 2343 291 2416 est,
315 2342 351 2400 cf.
374 2342 466 2418 paulo
488 2342 568 2401 inira
591 2340 643 2402 τὸν
666 2335 694 2401 d'
720 2340 880 2422 ἐγλαβόντα
903 2341 1010 2423 ἔγγυον
1033 2353 1212 2422 καταστῆσαι
1235 2341 1270 2405 ὃν
1292 2343 1331 2405 ἂν
1355 2344 1462 2426 δέχων-

150 2461 198 2499 ται
225 2439 262 2500 ον’
285 2439 483 2518 πρόβουλοι
510 2445 569 2500 κτλ.
614 2441 713 2499 Minus
741 2444 853 2500 eertum
884 2443 981 2518 primo
1009 2442 1128 2502 videtur
1154 2447 1306 2519 proximae
1337 2445 1464 2504 lacunae

150 2539 393 2614 supplementum
416 2539 497 2614 quod
519 2539 571 2596 ille
594 2541 751 2614 proposuit
768 2532 852 2618 τ[οὺς
871 2536 917 2598 ἀεὶ
936 2537 1037 2614 ὄντας
1061 2543 1254 2616 nequeenim
1274 2543 1462 2602 temeratam

149 2635 205 2694 hoc
227 2635 292 2696 loco
316 2635 465 2696 obiectum
487 2636 571 2696 verbi
593 2633 744 2716 ἐγδιδόνοο
767 2638 984 2713 exspectaveris
1007 2640 1090 2697 velut
1113 2633 1160 2718 r[b
1180 2638 1302 2700 δεῖπνον
1321 2642 1369 2699 vel
1391 2635 1464 2719 τ[ο“γν

149 2731 277 2793 ἑστίασιν
304 2729 482 2813 ἐγ]διδόνοο,
510 2734 560 2794 sed
588 2735 701 2794 frustra
727 2738 795 2793 tum
822 2737 992 2812 quaeritur,
1020 2737 1092 2812 quid
1120 2737 1175 2797 fiat
1202 2739 1370 2798 accusativo
1392 2741 1463 2798 v.4

150 2824 252 2912 rspss)
285 2847 372 2909 μησε.
389 2878 395 2890 .
412 2878 417 2890 .
434 2877 457 2906 .,
489 2851 581 2908 quare
604 2833 682 2892 huno
715 2833 816 2909 potius
849 2833 956 2894 obiecti
983 2836 1048 2894 vice
1076 2835 1162 2914 fungi
1189 2836 1380 2896 statuendum
1408 2841 1462 2896 est.

149 2929 219 3006 Ipso
243 2933 344 2989 autem
371 2931 427 2990 hoc
453 2931 518 2990 loco
542 2931 602 2989 iam
625 2933 657 2989 in
680 2949 826 2991 summam
849 2933 933 2990 tituli
956 2932 1164 2992 difficultatem
1192 2934 1364 3010 incidimus,
1390 2953 1462 2994 nam

149 3027 221 3104 quid
244 3028 352 3087 litteris
375 3029 438 3087 illis
461 3029 523 3088 sive
551 3028 625 3106 poda
653 3031 716 3089 sive
744 3047 818 3107 μογοο
846 3030 979 3107 legendis
1007 3031 1115 3106 lateat,
1143 3051 1263 3108 prorsus
1291 3033 1387 3092 adhue
1409 3033 1463 3093 eb·

149 3144 267 3186 scarum
290 3119 389 3207 est.¹⁴)
426 3126 536 3186 Vocem
560 3127 702 3187 sermonis
726 3128 803 3188 sacri
825 3128 921 3187 adhuc
943 3130 1080 3206 ignotam
1104 3130 1197 3189 latere
1221 3131 1349 3190 coniecit
1365 3130 1463 3205 Prott,

149 3223 200 3283 sed
222 3243 258 3283 ne
281 3225 405 3299 stirpem
425 3225 544 3300 quidam
562 3224 649 3284 video
669 3225 771 3302 uliam,
794 3245 872 3303 quae
890 3247 926 3284 ex
944 3227 1001 3286 hac
1019 3229 1168 3287 sententia
1187 3231 1259 3304 apta
1278 3230 1326 3287 sit.
1364 3228 1462 3299 Quare

148 3341 203 3399 ego
226 3341 328 3382 vocem
356 3324 515 3382 anomine
541 3325 664 3400 proprio
692 3324 859 3383 derivatam
887 3326 1031 3400 quaesivi.
1076 3325 1169 3384 Varia
1196 3328 1357 3402 temptavi,
1383 3325 1460 3386 nihil

148 3421 257 3494 tamen,
280 3421 360 3496 quod
383 3420 502 3496 quidem
525 3423 590 3480 veri
612 3421 740 3497 speciem
762 3423 913 3499 praebeat
936 3422 1058 3498 profeci.

236 3516 281 3577 Da
309 3521 460 3578 structura
486 3519 518 3576 in
546 3521 688 3595 temporis
716 3519 888 3581 definitione
916 3521 1052 3580 adbibita
1079 3519 1112 3580 ἕν
1136 3523 1389 3600 Μαιμακτηριῶνι
1415 3554 1460 3562 -

147 3611 287 3688 ἀπιόντος
315 3617 351 3674 cf.
375 3636 403 3674 n.
425 3617 465 3674 52
489 3636 517 3675 v.
538 3619 608 3692 9sq.
637 3615 669 3677 ἐν
692 3625 744 3677 τῶι
763 3613 944 3699 Ἀρτεμισίωι
972 3615 1045 3696 μηνὶ
1072 3617 1196 3697 ἓβδόμαι
1223 3617 1394 3697 [tropicam
1423 3619 1461 3679 de

147 3715 256 3773 mensis
279 3714 398 3774 nomine
422 3715 510 3774 adia
534 3718 672 3792 separato
696 3717 732 3775 cf.
757 3709 1017 3800 Thuc.1115.¹⁵)

219 3939 262 4006 11)
291 3955 316 3992 v.
335 3940 477 4007 postremo
505 3937 609 3992 dicitur
636 3945 735 4008 στῆσαι
758 3939 798 4001 εἰς
820 3940 851 3993 τὸ
875 3937 1000 4008 viperae:
1025 3939 1117 3994 dictus
1144 3941 1231 4010 igitur
1259 3941 1316 3995 iam
1339 3944 1400 3996 crat
1422 3941 1460 4008 is,

146 4017 228 4072 cuius
245 4017 278 4072 τὸ
296 4017 409 4087 τέμενος
428 4021 497 4074 erat.

220 4100 263 4167 12)
291 4097 325 4152 af.
345 4114 369 4152 e.
385 4116 410 4169 g.
430 4098 501 4169 legis
521 4097 593 4154 Oeae
611 4117 637 4154 n.
654 4106 686 4154 93
706 4099 820 4154 initium
838 4098 898 4155 οἵδε
917 4098 998 4171 νόμον
1018 4101 1082 4170 περὶ
1100 4110 1156 4172 τῶγ
1174 4102 1405 4171 ναταφθιμένων.

219 4181 262 4248 13)
291 4176 372 4232 Prott
394 4179 481 4233 etiam
504 4179 534 4234 ἐν
556 4188 607 4234 τῶι
629 4180 965 4252 Μαιμακτηρι[ὤνι...]1
986 4177 1068 4252 vitup
1091 4183 1240 4253 μηοξ[....
1270 4181 1379 4254 insssae
1401 4185 1458 4238 asi.

144 4258 280 4328 coniungi
297 4275 380 4328 posse
399 4259 508 4328 rasae,
526 4276 584 4328 qua
601 4263 696 4316 tamen
715 4259 836 4315 lectione
854 4276 898 4314 res
917 4259 961 4316 vel
980 4261 1071 4332 magis
1089 4262 1260 4331 implicatur.

218 4340 263 4406 14)
289 4338 335 4391 Br.
354 4337 417 4394 Keil
446 4340 522 4408 apud
546 4339 683 4394 Hillerum
710 4340 832 4394 lectione
859 4340 966 4394 tradita
993 4344 1104 4396 mutata
1131 4341 1283 4413 legandum
1310 4343 1462 4412 proposuit

143 4419 340 4490 μ[ι]ο[τύλην]ι
371 4419 452 4473 ‘acar
478 4423 510 4475 ia
537 4423 630 4476 corais
652 4421 787 4476 diosas'ooe
809 4437 916 4476 summa
938 4425 980 4476 rei
1003 4423 1097 4490 posita
1124 4423 1202 4477 erat'
1246 4421 1301 4476 Sed
1328 4423 1457 4492 quamvis

143 4498 266 4553 multum
285 4497 384 4553 Graeci
404 4500 534 4554 carnibus
552 4501 607 4556 rite
626 4500 827 4555 distribuendis
847 4502 1029 4571 providerint,
1049 4520 1157 4556 summa
1176 4506 1270 4557 tamen
1288 4519 1332 4558 res
1351 4519 1407 4557 non
1426 4503 1457 4556 in

144 4579 291 4647 divisione,
311 4580 361 4634 sed
379 4581 409 4632 iu
427 4580 496 4649 ipris
516 4581 607 4650 epulis
626 4581 671 4650 (cf.
691 4599 715 4634 v.
732 4587 763 4634 17
784 4579 820 4636 ἂν
838 4582 870 4637 δὲ
889 4583 1050 4653 δοκιμασθῇ
1075 4581 1092 4651 ἡ
1112 4580 1243 4653 ἑστίασις)
1266 4584 1360 4653 posita
1382 4586 1456 4652 erat;

143 4659 248 4714 deinde
266 4675 330 4714 vero
348 4659 465 4714 verbum
483 4658 629 4731 ἐγὸοὸόναι
647 4661 682 4716 de
701 4661 793 4731 epulis
806 4661 851 4716 vel
870 4663 905 4716 de
919 4662 1056 4716 universis
1076 4661 1258 4717 sollemnibus
1278 4663 1457 4733 aptissimum

144 4741 180 4793 de
198 4754 257 4792 una
275 4739 421 4806 divisione,
440 4741 464 4794 si
483 4741 552 4809 quid
570 4741 661 4807 video,
680 4741 802 4812 pessime
821 4743 933 4797 dicitur.

217 4822 261 4890 lo)
285 4820 320 4873 de
338 4823 458 4888 utroque
477 4821 604 4891 exemplo
623 4823 733 4876 monuit
750 4839 795 4877 me
809 4823 902 4892 Prott;
922 4823 956 4878 cf.
973 4823 1060 4878 etiam
1080 4839 1153 4892 quae
1171 4823 1216 4876 hic
1231 4823 1267 4878 de
1280 4821 1458 4892 Thucydidis

144 4899 207 4955 loco
227 4899 374 4954 adnotavit
395 4901 480 4956 MAI
493 4900 583 4954 XXIII
601 4920 628 4971 p.
644 4909 695 4957 229
715 4921 778 4957 cum
797 4906 854 4959 not.
