3434 5464
702 329 796 386 00111
814 349 841 386 n.
858 337 909 386 130
1393 333 1459 400 325

146 515 250 557 eorum
273 497 450 558 aMiohelio
474 503 505 558 et
522 497 670 578 Herzogio
694 500 766 560 olim
789 500 958 578 neglectum
979 503 1028 561 vel
1050 501 1241 579 repudiatum
1265 520 1326 561 esse
1350 504 1459 562 mirum

145 599 201 654 est.
239 595 316 656 Sana
334 596 376 670 id,
399 597 480 672 quod
497 597 544 655 illi
562 597 622 675 ipsi
643 601 864 675 proposuerunt
881 595 930 658 καὶ
949 599 1029 671 τίνος
1049 591 1273 682 (θ)[υμᾶ]τη(ρ)
1296 598 1346 659 καὶ
1365 597 1384 659 ἆ
1403 623 1458 676 μα-

145 687 216 774 τη[ρ
234 687 351 775 μέγαν)
374 713 441 754 oum
464 694 592 754 lectione
615 699 680 754 tum
698 695 812 756 tradita
829 699 981 756 nonsatis
1000 698 1197 757 conveniebat
1214 717 1311 775 neque
1330 700 1459 758 alterum

144 792 199 852 καί
214 792 322 868 placet,
344 797 566 852 verumtamen
586 812 635 853 eos
656 795 744 853 acute
763 794 870 854 vidisse
889 794 989 872 lapide
1008 795 1104 855 denuo
1124 795 1161 856 ab
1180 795 1327 875 Herzogio
1348 796 1458 856 collato

144 892 265 969 egregie
288 891 497 950 confirmatum
521 884 620 973 estu)

236 985 319 1057 Quae
345 988 382 1047 de
414 989 558 1066 temporis
590 991 688 1066 spatio
716 990 755 1050 ad
785 991 953 1069 profitenda
978 993 1100 1050 nomina
1131 991 1292 1051 tribulibus
1321 1011 1458 1052 concesso

143 1108 174 1148 v.
191 1089 301 1164 20sqq.
321 1087 529 1163 decernuntur,
552 1088 749 1168 ambiguitate
772 1087 901 1165 quadam
926 1090 1091 1150 sententiae
1113 1089 1319 1150 adversativae
1337 1089 1386 1163 τὸς
1404 1086 1458 1168 μὲν

143 1183 273 1264 ἔνδάμος
305 1217 346 1226 -
371 1217 415 1226 —
444 1183 494 1259 τὸς
522 1183 554 1246 δὲ
581 1183 736 1264 ἀποδάμος
766 1219 811 1228 -
835 1217 877 1229 -·
910 1187 1056 1247 laborant.
1102 1187 1213 1265 Incipit
1240 1189 1319 1247 enim
1342 1189 1394 1264 ita,
1422 1191 1458 1247 ut

143 1283 241 1342 altero
269 1285 436 1343 structmae
464 1284 595 1344 membro
627 1285 779 1345 diversum
807 1284 940 1360 spatium
968 1287 1109 1344 constitui
1141 1289 1357 1362 exspectemus,
1389 1305 1457 1346 con-

144 1383 283 1440 tinuatur
304 1399 375 1441 vero
397 1384 451 1458 ita
475 1385 562 1459 quasi
585 1385 631 1442 vis
655 1383 844 1442 adversativa
866 1383 953 1442 unice
971 1402 1007 1442 eo
1024 1386 1175 1459 pertineat
1197 1387 1231 1442 ut
1250 1403 1268 1443 a
1289 1383 1458 1456 tribulibus,

145 1481 198 1554 qui
229 1479 290 1555 ipsi
311 1482 434 1538 nomina
455 1480 590 1557 profiteri
617 1481 739 1554 debent,
770 1479 802 1540 οἱ
826 1477 976 1558 taddaeus
1004 1481 1243 1561 ffisfinguantur,
1275 1482 1382 1559 quibus
1405 1501 1459 1559 per

144 1579 289 1637 vicarium
305 1577 439 1654 profiteri
452 1579 532 1638 licet.
561 1579 662 1656 Atque
676 1579 746 1638 hinc
759 1579 910 1655 profectus
924 1581 1053 1655 utroque
1066 1580 1131 1640 loco
1145 1599 1205 1639 non
1219 1578 1370 1639 diversum
1383 1582 1457 1639 tem-

144 1677 227 1751 poris
242 1678 374 1753 spatium
392 1675 452 1736 dici
469 1677 623 1754 putaveris
637 1681 668 1736 et
682 1695 753 1736 voce
767 1674 800 1736 ἐν
813 1674 944 1761 τριμήνῳ
959 1697 986 1734 v.
998 1678 1039 1735 29
1054 1679 1237 1755 superiorem
1256 1677 1455 1738 definitionem

142 1773 308 1851 longiorem
332 1769 391 1833 ἀπὸ
414 1783 466 1846 τᾶς
488 1774 585 1854 τρίτας
606 1782 660 1835 τοῦ
678 1767 853 1834 ‘Tarsatica
872 1771 933 1834 ἔστι
952 1771 1002 1833 καὶ
1020 1772 1075 1835 τὰν
1093 1774 1235 1856 τριακάδα
1255 1783 1308 1836 τοῦ
1324 1767 1457 1835 ’Λλσείον

142 1871 309 1931 breviorem
331 1871 364 1930 in
386 1873 509 1932 modum
532 1873 749 1950 comprehendi.
791 1870 873 1941 Quae
895 1872 987 1932 fuisse
1011 1873 1130 1932 videtur
1152 1876 1301 1934 sententia
1324 1872 1457 1948 Roherti,

141 1989 239 2045 neque
263 1971 342 2030 enim
366 1970 456 2030 aliter
478 1971 653 2030 concludere
676 1962 821 2053 potnit¹⁵)
842 1963 998 2048 Ἡρακλεῐα
1016 1973 1047 2030 et
1065 1970 1147 2031 Dalii
1165 1973 1274 2032 mensis
1293 1971 1457 2045 sollemnia,

144 2067 254 2143 quibus
286 2067 411 2129 tribules
444 2068 480 2127 de
509 2068 678 2128 nominibus
710 2068 883 2145 profitendis
911 2089 929 2126 a
957 2070 1080 2145 napoeis
1112 2069 1267 2129 admoneri
1299 2068 1457 2146 oportebat

143 2157 185 2245 (v.
206 2158 343 2247 43sqq.)‚
365 2169 493 2244 unaque
516 2170 587 2227 ante
610 2166 637 2224 d.
656 2167 739 2226 XXX
761 2167 871 2226 mensis
891 2165 976 2227 Alsei
999 2167 1149 2226 celebrata
1172 2186 1242 2227 esse.
1286 2166 1398 2226 Contra
1421 2186 1456 2226 ea

141 2263 277 2323 Bischoff
297 2264 473 2325 facultatem
495 2265 624 2324 nominis
648 2264 809 2342 profitendi
830 2263 887 2324 hac
910 2264 958 2324 die
981 2266 1137 2324 terminari
1164 2258 1346 2348 negavit¹⁶),
1373 2265 1455 2324 ultra

143 2379 209 2420 eam
242 2361 414 2422 absentibus
440 2362 584 2441 τρίμηνον
610 2363 696 2422 illam
728 2362 848 2422 concedi
880 2364 972 2422 ratus.
1023 2362 1098 2422 Uter
1124 2365 1234 2422 rectius
1266 2362 1455 2438 iudicaverit,

143 2458 266 2519 difficile
288 2460 370 2520 dictu
393 2465 516 2538 propter
542 2461 628 2520 illam
656 2461 692 2520 de
716 2481 775 2536 qua
801 2461 904 2520 monui
927 2459 1156 2539 ambiguitatem
1184 2464 1363 2536 structurae;
1393 2481 1456 2519 rem

142 2559 241 2633 ipsam
263 2561 342 2616 enim
367 2559 393 2618 si
411 2563 588 2635 spectamus,
611 2561 739 2635 utraque
758 2560 907 2618 sententia
925 2558 1046 2617 defendi
1062 2562 1170 2635 potest
1207 2558 1356 2635 Equidem
1373 2562 1456 2635 post·

142 2674 234 2731 quam
256 2657 354 2716 totum
378 2655 568 2716 enuntiatum
586 2661 617 2717 et
635 2659 734 2717 animo
754 2659 785 2716 et
802 2675 874 2716 voce
892 2658 1011 2733 saepius
1031 2657 1134 2736 relegi,
1156 2658 1272 2732 rectum
1291 2655 1456 2716 sententiae

141 2771 331 2833 progressum
354 2754 438 2813 haud
459 2774 528 2816 raro
550 2756 583 2814 in
605 2756 703 2816 titulis
727 2754 904 2831 interrumpi
928 2757 959 2814 et
980 2755 1098 2815 turbari
1120 2773 1233 2814 memor
1250 2755 1372 2813 initium
1390 2772 1455 2814 sen-

141 2853 255 2912 tentiae
278 2853 360 2912 illius
384 2852 592 2914 adversativae
615 2855 683 2931 plus
706 2853 786 2930 apud
808 2873 856 2912 me
879 2853 979 2912 valere
1002 2853 1100 2912 fateor
1123 2855 1153 2912 et
1176 2871 1247 2912 voce
1270 2848 1303 2910 ἐν
1323 2849 1455 2936 τριμήνῳ

141 2950 269 3026 proferri
297 2949 470 3011 absentibus
498 2952 658 3012 tribulibus
685 2952 764 3012 diam
786 2953 851 3029 ipse
874 2969 994 3028 quoque
1020 2951 1163 3027 suspicor.
1209 2950 1332 3010 Minime
1354 2952 1456 3010 amen

141 3049 292 3108 trimestre
320 3049 350 3108 id
383 3050 515 3127 spatium
542 3051 624 3110 ultra
651 3050 729 3110 diem
756 3049 842 3109 illam
869 3049 968 3109 verbis
995 3047 1057 3110 ἔστε
1084 3047 1134 3109 καὶ
1161 3047 1215 3108 τὰν
1237 3046 1380 3128 τριακάδα
1402 3053 1455 3108 τοῦ

139 3139 271 3206 ’silesiae
294 3148 489 3207 constitutam
513 3148 660 3222 accedere,
690 3148 742 3207 sed
764 3147 842 3208 hanc
864 3148 896 3205 in
920 3166 951 3206 se
974 3147 1125 3208 continere
1148 3148 1327 3223 initiumque
1351 3147 1414 3206 eius
1437 3163 1456 3204 a

141 3244 190 3304 die
211 3243 260 3303 III
282 3245 460 3320 Hyacinthii
482 3248 592 3306 mensis
615 3245 781 3306 ducendum
805 3263 869 3304 asse
891 3248 974 3322 puto.
1021 3245 1134 3317 Quodsi
1156 3249 1237 3304 reete
1260 3246 1382 3318 conieci,
1411 3261 1455 3304 se

141 3341 247 3418 quitur
268 3344 413 3420 temporis
437 3344 570 3420 spatium
593 3348 655 3416 τοῖς
677 3341 817 3421 secema
840 3361 1011 3404 concessum
1035 3344 1162 3404 duorum
1184 3343 1277 3402 fnisse
1295 3341 1455 3402 mensium:

140 3440 319 3517 Hyacinthii
352 3445 382 3500 et
404 3441 501 3516 Alsei,
534 3438 698 3519 ἀποδάμιιν
726 3442 826 3519 gratia
858 3445 957 3501 autem
985 3443 1109 3502 tertium
1138 3441 1294 3502 accessisse
1321 3439 1454 3499 Delium.

141 3537 263 3598 Ger-tum
295 3542 396 3599 tamen
428 3538 465 3599 de
492 3540 549 3599 hac
575 3558 607 3598 re
636 3539 781 3598 iudicium
808 3557 913 3598 vereor
940 3560 976 3600 ne
1004 3542 1088 3616 prius
1111 3539 1184 3600 ferri
1212 3540 1342 3615 nequeat
1364 3555 1455 3615 quam

141 3635 214 3696 ordo
237 3637 384 3697 fastorum
408 3635 536 3697 Ooorum
559 3640 639 3697 certo
663 3639 844 3697 constitutus
867 3630 917 3698 sit.

232 3734 422 3794 Conscribere
445 3734 574 3796 indicem
597 3738 750 3795 nominum
772 3734 913 3794 iubentur
936 3735 968 3795 οἱ
987 3741 1123 3810 venosus,
1151 3754 1228 3811 quae
1257 3753 1328 3794 eura
1356 3734 1456 3793 aliena

144 3850 203 3892 non
228 3834 273 3892 est
296 3851 315 3892 a
337 3834 466 3910 negotiis
488 3835 576 3893 huius
600 3835 793 3911 magistratus
818 3834 891 3892 alibi
914 3833 1049 3907 traditis3
1073 3833 1210 3893 solebant
1232 3834 1311 3890 enim
1335 3849 1385 3892 eas
1407 3849 1454 3890 res

140 3947 249 4005 sacras,
271 3949 347 4007 quae
365 3950 425 3991 non
444 3931 482 3990 ad
501 3932 597 4009 ipsam
611 3932 786 4010 religionem
800 3932 984 4008 spectabant,
1004 3950 1117 3991 curare.
1124 3923 1163 4012 17)
1196 3929 1255 3990 Sed
1268 3929 1454 3990 Halaaamae

214 4119 258 4187 14)
287 4118 375 4175 ‘noda
396 4115 474 4182 τίνος
491 4119 568 4174 kann
586 4121 631 4174 eia
649 4118 753 4174 rander
771 4119 927 4174 Bucbetahe
944 4119 1093 4191 gestamen
1110 4117 1212 4186 Ιιαϋτιι,
1233 4118 1294 4172 wad
1312 4118 1386 4172 ΤΗΣ
1405 4117 1454 4172 hat

140 4198 189 4252 der
216 4199 360 4254 Steinmetz
388 4201 419 4254 in
447 4201 519 4252 ΤΗΡ
546 4200 681 4270 corripiat
728 4199 794 4254 Nar
825 4201 861 4255 ist
888 4199 936 4254 der
963 4200 1057 4256 Βααια
1085 4198 1133 4254 der
1159 4198 1348 4269 umectata·
1375 4198 1454 4254 Stella

140 4285 223 4333 etwas
239 4278 354 4348 taapp?

213 4361 257 4429 10)
285 4358 475 4414 Hermesta.
494 4365 655 4429 p.1'10sqq.

213 4441 258 4509 10)
286 4439 432 4511 Leipziger
454 4440 569 4496 &udices
593 4439 657 4494 xvi
676 4442 767 4511 (1094)
785 4458 813 4510 p.
832 4445 882 4494 110
893 4456 953 4509 sqq.
973 4428 1061 4508 (Uber
1082 4439 1135 4494 dea
1154 4437 1296 4494 Kaleader
1318 4456 1371 4495 voa
1394 4439 1455 4494 Koa

141 4517 201 4572 aad
220 4519 384 4592 Kalymna).
421 4517 462 4574 Cf.
483 4520 569 4575 etiam
587 4519 668 4575 Ptott
685 4520 838 4576 Jaareeer.
857 4519 904 4574 CH
921 4536 948 4589 p.
965 4524 1025 4574 101.

214 4601 256 4669 11)
284 4598 424 4668 templum
448 4599 656 4654 aedificandum
674 4599 822 4656 Lebadeae
846 4599 1063 4671 (001111οε
1082 4598 1187 4654 Michel
1205 4602 1269 4668 009)
1288 4601 1317 4653 et
1335 4597 1453 4668 Delphis

140 4678 233 4750 (Syll.¹
253 4684 304 4734 110
323 4705 357 4726 =
376 4678 481 4734 Michel
500 4683 572 4751 091),
591 4680 692 4735 fundos
712 4697 805 4735 sacros
824 4680 959 4735 locandos
976 4680 1093 4750 Amorgi
1113 4678 1205 4750 (dclv
1223 4685 1289 4746 031,
1311 4678 1345 4733 ci.
1365 4679 1452 4732 etiarn

140 4759 207 4814 ibid.
219 4765 251 4814 11
266 4777 291 4814 v.
301 4762 337 4830 l),
357 4757 456 4814 titulos
470 4759 664 4815 inscribendos
677 4761 782 4830 Ephesi
797 4760 891 4831 (Syll)
904 4764 964 4825 518,
984 4759 1019 4814 ei.
1030 4759 1117 4814 etiam
1132 4764 1185 4814 010
1199 4775 1224 4813 v.
1235 4763 1280 4829 91)
1296 4761 1326 4814 et
1335 4759 1452 4830 Amorgi

141 4839 234 4909 (huius
252 4839 344 4894 libelli
362 4857 389 4894 n.
405 4843 463 4912 90),
487 4839 605 4895 denaria
628 4841 819 4896 conservanda
840 4839 897 4894 laci
920 4842 1044 4911 (11109).
1082 4838 1121 4893 Cf.
1142 4839 1229 4894 etiam
1251 4837 1453 4910 Dittenberger

142 4919 180 4973 ad
199 4919 281 4991 sylb*
300 4925 352 4975 140
370 4923 428 4975 not.
444 4927 460 4974 8
