3434 5464
673 333 767 390 COAE
785 341 880 391 n.144
1368 339 1432 405 357

116 497 277 583 τε]λείσθω
301 499 316 564 ὁ
339 502 447 584 γάμος;
475 523 544 563 nem
573 503 652 580 quod
680 505 813 564 Dittenb.
838 524 873 564 ea
895 504 939 564 ite
963 506 1189 583 interpretetur:
1217 511 1335 584 praeter
1362 510 1431 570 illos

115 604 183 662 tres
210 605 319 662 mensis
346 601 521 680 Petagitnyi
549 602 624 676 dies,
657 601 693 662 de
726 601 833 679 quibus
860 602 948 663 modo
976 605 1089 664 dictum
1117 608 1195 679 erat,
1226 626 1286 667 uno
1315 627 1431 684 quoque

115 702 216 760 totins
239 701 310 759 anni
328 700 376 760 die
395 702 516 778 nuptias
536 700 684 761 celebrare
702 691 827 783 licet’⁹)‚
850 701 880 760 id
899 701 931 760 ni
950 701 1039 762 fallor
1057 703 1131 780 ipsis
1150 702 1247 764 verbis
1266 725 1325 764 non
1344 706 1431 765 inest.

117 798 236 858 Dubito
260 800 351 860 etiam
372 798 407 857 de
426 817 497 859 voce
519 789 738 880 προ](α)ογλίαν
757 799 804 858 vel
823 791 1046 882 μετ](α)ιγλίαο,
1070 821 1161 876 quam
1179 801 1275 862 Paton
1294 806 1429 863 v.19in.

115 899 255 958 restituit
286 898 390 958 horam
423 900 476 956 aut
506 898 582 956 lucis
615 899 714 956 ortum
746 895 970 958 antecedentem
1002 901 1054 958 aut
1089 899 1161 959 solis
1193 918 1329 961 occasum
1361 902 1425 962 sub·

119 999 299 1072 sequentem
321 997 511 1074 intellegens3
536 998 667 1056 ceterum
688 997 753 1073 ipse
776 995 873 1055 Paton
896 997 988 1057 etiam
1010 997 1047 1056 de
1069 1015 1140 1057 voce
1164 993 1352 1078 cvv]ueyllcv
1372 1001 1390 1058 i.
1405 1019 1429 1060 e.
1538 1008 1544 1023 '

116 1093 243 1154 dialecti
257 1093 336 1154 Coae
356 1114 411 1172 pro
431 1095 547 1172 vulgari
567 1093 723 1154 σοναικλία
741 1093 837 1154 forma
855 1096 1009 1172 cogitavit,
1032 1096 1111 1154 unde
1129 1097 1270 1156 nimirum
1289 1116 1431 1158 conexum

118 1193 212 1271 longe
235 1192 384 1254 diversum
408 1193 534 1253 existere
557 1194 709 1253 concessit.
732 1223 777 1234 --
800 1192 899 1252 Verba
926 1187 944 1270 ἡ
970 1189 1002 1254 δὲ
1025 1192 1160 1272 στρωμνὴ
1184 1197 1242 1254 κτλ.
1269 1216 1293 1256 r.
1314 1197 1355 1256 23
1366 1215 1429 1273 sqq.

119 1290 161 1348 ad
185 1290 409 1366 lectisternium,
433 1291 469 1350 de
494 1310 552 1367 quo
576 1309 666 1366 supra
684 1291 710 1348 B
729 1310 756 1349 v.
772 1293 813 1351 23
838 1309 934 1350 sermo
957 1293 1031 1366 erat,
1054 1294 1200 1368 spectent,
1223 1311 1325 1354 sensus
1343 1315 1429 1371 prae-

118 1390 202 1466 cepti
233 1389 376 1464 incertus3
409 1388 506 1448 Paton
537 1390 616 1449 hune
649 1388 768 1450 subesse
800 1391 983 1466 suspicatur:
1015 1391 1059 1450 tte
1090 1391 1177 1450 meet
1202 1394 1352 1466 prepared
1382 1397 1430 1468 for

118 1487 264 1548 Heredes
290 1505 328 1546 on
356 1489 401 1546 ihc
428 1489 487 1563 day
514 1489 550 1561 os
572 1489 618 1547 tis
646 1483 780 1566 ξεοιομός
812 1489 838 1546 is
865 1491 892 1546 to
920 1489 953 1547 bc
980 1489 1031 1562 lest
1056 1490 1089 1547 in
1115 1491 1153 1548 iis
1174 1489 1261 1562 placo
1287 1492 1363 1550 uuae
1385 1493 1430 1553 tae

117 1587 254 1661 ueddiup
275 1589 301 1645 is
325 1604 392 1644 over
414 1588 433 1647 i.
449 1603 471 1645 e.
490 1587 631 1646 Heraclea
653 1588 681 1645 is
703 1589 731 1644 io
753 1586 787 1644 be
809 1603 829 1645 a
849 1589 932 1662 paesi
954 1591 985 1646 at
1007 1587 1052 1647 tlte
1073 1587 1213 1662 weddtrp.

208 1683 235 1741 D
260 1704 287 1743 v.
309 1687 402 1761 lsqq.
426 1683 577 1744 adduntur
599 1703 645 1744 res
668 1683 797 1744 minores
821 1702 839 1742 a
860 1683 1057 1745 Diomedonte
1080 1686 1143 1744 sive
1166 1705 1184 1746 a
1206 1685 1269 1745 filio
1292 1688 1355 1747 eius
1379 1687 1427 1747 de·

116 1781 250 1858 dicatae3
282 1779 407 1862 ἐσχάραν
430 1779 605 1861 respondeo
632 1783 712 1841 inter
743 1781 816 1841 hacc
842 1801 915 1843 vasa
952 1785 982 1842 et
1008 1783 1207 1843 instrumenta
1234 1789 1327 1845 aenea
1354 1786 1428 1846 nihil

117 1881 179 1940 nisi
202 1882 340 1959 exiguam
363 1899 446 1940 aram
469 1880 641 1957 portatilem
660 1879 827 1959 significare
850 1899 935 1958 posse
955 1881 1038 1941 Dttb.
1057 1883 1136 1942 recte
1155 1873 1314 1965 statuit.⁸⁰)
1351 1883 1428 1953 Quid

117 1979 211 2038 inerit
228 1975 336 2050 κύκλος
354 1978 406 2038 ille
429 1982 565 2057 χαλκοῦς,
588 1976 723 2053 dubium3
747 1979 891 2056 patellam
911 1979 1070 2040 rotundam
1088 1981 1305 2056 interpretatu
1322 1980 1428 2058 Paton,

117 2079 156 2136 cf.
185 2076 276 2136 etiam
304 2097 331 2135 v.
354 2077 415 2136 158
444 2096 471 2136 v.
493 2079 542 2136 32.
576 2108 619 2118 -
656 2075 851 2152 Praeceptum
883 2097 911 2136 v.
931 2078 1059 2137 28—31
1095 2077 1234 2158 συνάγειν
1265 2077 1334 2152 τοὺς
1366 2077 1428 2140 im-

118 2174 247 2254 μηνίους
269 2172 320 2234 καὶ
343 2173 384 2247 εἰς
406 2172 461 2252 τὴν
484 2171 590 2254 αὔριον
612 2177 671 2234 κτλ.
707 2175 804 2234 Paton
825 2177 855 2234 et
874 2175 958 2235 Dttb.
978 2175 1014 2236 de
1037 2179 1183 2236 conventu
1206 2176 1352 2252 sollemni,
1376 2183 1428 2256 qui

115 2273 261 2350 postridie
284 2275 462 2333 sacrificium
485 2272 720 2334 anniversarium
745 2273 771 2332 d.
790 2273 893 2332 XVHI
916 2273 1024 2334 mensis
1047 2274 1222 2353 Petagitnyi
1244 2274 1347 2351 fiebat,
1377 2297 1425 2336 ao-

116 2372 242 2448 cipiunt,
265 2371 315 2432 sed
339 2371 375 2430 de
398 2371 542 2432 sacrificio
565 2372 618 2430 illo
640 2375 824 2448 postremum
847 2390 943 2431 sermo
967 2375 1031 2432 erat
1053 2372 1085 2430 in
1108 2374 1201 2431 latere
1225 2371 1261 2448 (l,
1285 2377 1321 2433 ut
1343 2375 1425 2434 nullo

114 2470 205 2530 modo
229 2465 247 2547 ἡ
267 2467 373 2549 αὔριον
396 2490 430 2530 eo
447 2471 552 2530 referri
575 2469 678 2546 possit.
716 2469 961 2548 coniungendam
982 2472 1079 2550 igitur
1102 2470 1133 2529 ni
1156 2471 1246 2531 lallor
1268 2471 1323 2532 hoc
1341 2492 1427 2550 prae·

115 2572 235 2646 ceptum
260 2569 356 2629 artius
384 2589 451 2628 cum
473 2567 675 2646 superioribus
698 2588 725 2626 v.
747 2570 880 2628 17-27
905 2573 936 2629 et
958 2565 1064 2649 odoror
1087 2569 1145 2629 huc
1171 2570 1372 2631 referendum:
1400 2574 1426 2631 si

17 2733 18 2736 Ἴ
115 2667 183 2744 quis
217 2667 311 2747 legem
341 2667 578 2728 aDiomedonte
610 2669 805 2728 constitutam
832 2668 945 2727 violare
977 2669 1101 2728 conatus
1129 2669 1199 2744 erit,
1227 2689 1273 2729 res
1301 2669 1339 2729 ad
1367 2671 1427 2730 sol-

113 2767 244 2825 lemnem
267 2768 445 2826 conventum
469 2785 505 2824 ne
528 2765 670 2840 differtor,
698 2764 749 2824 sed
775 2767 915 2842 epimenii
939 2767 987 2824 vel
1009 2763 1153 2843 postridie
1177 2767 1241 2828 eins
1265 2765 1340 2843 diei,
1366 2787 1427 2845 quo

114 2883 259 2924 conamen
283 2863 358 2923 illud
381 2865 495 2924 factum
518 2865 583 2940 erit,
607 2866 784 2924 conventum
808 2863 1076 2924 extraordinarium
1098 2855 1279 2944 habento.³¹)
1326 2865 1426 2925 Verba

112 2966 217 3022 autem
240 2961 525 3043 παραλαμβάνοντας
547 2957 601 3034 οὓς
623 2957 661 3022 tv
679 2959 781 3032 αὐτοῖς
803 2961 901 3040 docte,
924 2980 1001 3038 quae
1019 2962 1066 3020 illi
1086 2960 1122 3019 de
1141 2962 1286 3022 ministris
1305 2963 1342 3022 ab
1362 2966 1422 3040 epi-

114 3062 224 3122 meniis
248 3061 445 3122 adsciscendis
468 3062 628 3137 accipiunt,
651 3079 685 3120 eo
709 3061 811 3136 potius
834 3059 982 3136 pertinere
1004 3062 1091 3137 puto,
1120 3061 1155 3118 ut
1177 3060 1333 3136 epimeniis
1358 3079 1424 3121 con-

112 3159 238 3220 cedatur
265 3160 302 3218 ad
331 3157 515 3218 defendenda
542 3161 683 3218 instituta
708 3158 916 3218 Diomedontis
945 3159 1036 3218 ctiam
1063 3157 1196 3218 homines
1227 3179 1286 3219 non
1309 3159 1425 3220 sodales

113 3258 271 3318 advocare.
312 3257 377 3327 Qua
400 3258 516 3316 ratione
539 3256 630 3316 etiarn
653 3259 811 3333 insequens
834 3259 1027 3334 praeceptum
1050 3257 1086 3315 de
1110 3257 1244 3316 creandis
1268 3257 1423 3334 epimeniis

111 3357 234 3418 facilius
249 3355 421 3432 explicetur.
452 3355 528 3415 Sane
543 3355 648 3415 dehoc
663 3375 781 3432 quoque
796 3355 939 3416 dissentio
954 3373 973 3414 a
991 3356 1097 3415 ceteris
1117 3354 1289 3415 editoribus.
1318 3354 1375 3424 Qui
1392 3356 1422 3415 id

111 3455 247 3532 praecipi
269 3456 387 3530 putant,
411 3454 625 3531 aquibusnam
649 3453 818 3514 hominibus
842 3453 982 3530 epimenii
1006 3453 1135 3530 eligendi
1158 3455 1228 3526 sint,
1247 3450 1424 3531 ἕπομηνίους

111 3555 209 3631 igitur
222 3555 427 3612 accusativum
446 3551 553 3612 obiecti
572 3553 816 3628 interpretantur.
852 3550 896 3610 At
913 3554 958 3611 ita
971 3550 1029 3612 nisi
1043 3552 1233 3611 vehementer·
1247 3551 1337 3610 fallor
1351 3552 1423 3610 arti-

113 3653 199 3711 culus
223 3653 291 3710 ante
314 3649 490 3729 ἐπιμηνίους
509 3650 670 3710 desiderari
688 3669 747 3709 non
766 3650 867 3725 potuit
884 3643 935 3732 (cf.
954 3650 980 3709 B
996 3651 1037 3709 25
1057 3652 1088 3710 et
1107 3641 1172 3731 29).
1210 3649 1422 3708 Accusativum

113 3750 209 3827 igitur
226 3749 462 3826 praedicativum
477 3749 613 3809 existimo
628 3750 659 3808 et
672 3747 821 3819 cletitius
834 3748 916 3807 infin.
926 3749 1039 3824 passivi
1053 3767 1253 3824 conexumque
1267 3749 1345 3806 hunc
1360 3765 1422 3806 esse
1532 3797 1535 3805 .

115 3850 241 3908 conicio:
261 3849 415 3923 epimeniis
430 3847 518 3906 liceto
533 3847 704 3906 adiumento
719 3846 871 3905 hominum
885 3846 1050 3906 alienorum
1064 3847 1111 3904 uti
1125 3849 1156 3904 et
1169 3864 1222 3921 per
1236 3864 1285 3905 eos
1300 3864 1421 3906 causam

116 3965 211 4024 agere,
234 3945 366 4021 ipsorum
390 3948 490 4004 tamen
514 3947 725 4021 epimeniorum
751 3963 872 4004 munere
894 3963 981 4002 nemo
1003 3944 1061 4003 nisi
1085 3943 1195 4002 sodalis
1218 3945 1360 4021 fungitcr.

204 4043 239 4102 V.
259 4046 302 4104 40
329 4041 450 4104 actvm
478 4039 510 4102 δὲ
533 4051 584 4102 τῶι
608 4042 736 4102 Hector:
764 4042 819 4101 hoc
846 4062 955 4100 numen
982 4033 1107 4122 recte³²)
1129 4040 1226 4100 Patcn
1254 4059 1321 4100 cum
1348 4041 1419 4100 Iove

116 4141 214 4202 Gtesio
234 4141 429 4220 comparavit,
447 4141 611 4202 notandum
630 4144 729 4200 teman
749 4143 785 4199 nt
798 4139 943 4217 Anaphae
956 4137 1089 4216 Κτήσων
1108 4141 1150 4199 sic
1163 4139 1211 4198 hic
1227 4137 1343 4198 Πάσιον
1362 4158 1419 4198 non

17 4293 18 4308 t
114 4259 276 4319 cognomen
299 4239 388 4315 Iovis,
412 4239 464 4299 sed
486 4238 638 4317 proprium
661 4257 723 4299 esse
746 4257 853 4298 nomen
877 4238 972 4298 divini
995 4239 1105 4297 tutoris
1128 4256 1167 4297 sc.
1186 4235 1229 4296 rei
1251 4237 1418 4298 familiaris.

184 4459 229 4526 29)
257 4455 388 4510 similiter
407 4453 528 4508 editores
543 4454 624 4508 inscr.
639 4453 736 4508 inriti:
756 4454 797 4509 ‘lc
810 4470 874 4509 occe
884 4469 992 4523 pererra
1009 4452 1064 4507 tire
1076 4451 1188 4508 ocare
1201 4453 1279 4507 armni
1294 4451 1420 4521 perdant

17 4545 19 4614 j
114 4537 150 4591 les
168 4543 260 4592 autres
272 4536 354 4604 jocre
373 4536 424 4602 (du
442 4533 542 4602 moes).'
580 4533 670 4589 Paton
688 4533 757 4603 quid
776 4534 900 4600 sentiret,
919 4550 975 4588 non
994 4531 1069 4587 clare
1087 4531 1251 4588 enuntiavit.

185 4619 229 4686 30)
258 4615 319 4670 οοΙΙ,
337 4614 437 4670 Reisch
456 4633 501 4684 ap.
516 4615 764 4686 Pauly-Wssowc
783 4613 820 4667 12
839 4631 866 4684 p.
884 4619 960 4668 1685.

185 4701 229 4766 31)
257 4697 326 4766 qnid
345 4696 469 4751 sentiant
487 4695 608 4750 editores
623 4693 808 4765 Francogalli‚
829 4710 862 4749 ex
876 4693 1002 4750 versione
1019 4710 1115 4748 eorum
1135 4693 1188 4749 ‘les
1201 4692 1342 4760 officiente
1355 4709 1419 4748 ecra-

114 4784 259 4846 requerere
277 4776 450 4842 l'ossemblee,
472 4775 554 4830 οιὲοοι
571 4777 611 4830 da
622 4775 692 4844 jour
709 4792 748 4830 cc
766 4775 929 4841 mamaea,
950 4781 975 4831 ct
996 4773 1200 4844 εὀιϋοὲοᾶνοοο
1218 4775 1267 4844 qui
1289 4773 1343 4830 boa
1361 4775 1420 4830 leur

114 4857 252 4914 conbloo’
274 4874 337 4911 cum
356 4855 428 4910 nihil
446 4858 546 4926 postea
565 4855 680 4922 addant,
698 4871 799 4926 parum
818 4854 916 4925 liquet.

184 4939 229 5007 32)
256 4937 324 4993 licet
343 4935 511 4993 sententiam
530 4953 630 5007 parum
648 4934 770 4991 feliciter
787 4935 977 4993 enuntiaverit
993 4935 1098 4991 verbis:
1118 4933 1242 4999 *Πάσιος
1260 4935 1284 4990 ie
1297 4934 1419 5006 perhaps
