<?xml version="1.0" encoding="UTF-8"?>
<!DOCTYPE html PUBLIC "-//W3C//DTD XHTML 1.0 Transitional//EN"
    "http://www.w3.org/TR/xhtml1/DTD/xhtml1-transitional.dtd">
<html xmlns="http://www.w3.org/1999/xhtml" xml:lang="en" lang="en">
 <head>
  <title>
</title>
<meta http-equiv="Content-Type" content="text/html;charset=utf-8" />
  <meta name='ocr-system' content='tesseract 3.04.00' />
  <meta name='ocr-capabilities' content='ocr_page ocr_carea ocr_par ocr_line ocrx_word'/>
</head>
<body>
  <div class='ocr_page' id='page_1' title='image "./legesgraecorums00ziehgoog_0275.png"; bbox 0 0 3424 5462; ppageno 0'>
   <div class='ocr_carea' id='block_1_1' title="bbox 241 294 1035 362">
    <p class='ocr_par' dir='ltr' id='par_1_1' title="bbox 241 294 1035 362">
     <span class='ocr_line' id='line_1_1' title="bbox 241 294 1035 362; baseline -0.018 0"><span class='ocrx_word' id='word_1_1' title='bbox 241 298 307 362; x_wconf 76' lang='lat'>262</span> <span class='ocrx_word' id='word_1_2' title='bbox 761 295 875 351; x_wconf 79' lang='lat' dir='ltr'>LEGES</span> <span class='ocrx_word' id='word_1_3' title='bbox 895 294 1035 350; x_wconf 75' lang='lat' dir='ltr'>SAORAE</span> 
     </span>
    </p>
   </div>
   <div class='ocr_carea' id='block_1_2' title="bbox 241 464 1564 1234">
    <p class='ocr_par' dir='ltr' id='par_1_2' title="bbox 241 464 1564 1234">
     <span class='ocr_line' id='line_1_2' title="bbox 241 464 1557 542; baseline -0.003 -16"><span class='ocrx_word' id='word_1_4' title='bbox 241 487 301 526; x_wconf 93' lang='lat' dir='ltr'>non</span> <span class='ocrx_word' id='word_1_5' title='bbox 330 470 430 527; x_wconf 90' lang='lat' dir='ltr'>omnia</span> <span class='ocrx_word' id='word_1_6' title='bbox 453 466 480 523; x_wconf 86' lang='lat' dir='ltr'>V</span> <span class='ocrx_word' id='word_1_7' title='bbox 508 467 626 526; x_wconf 89' lang='lat' dir='ltr'>demum</span> <span class='ocrx_word' id='word_1_8' title='bbox 654 470 779 526; x_wconf 84' lang='lat' dir='ltr'>exeunte</span> <span class='ocrx_word' id='word_1_9' title='bbox 807 465 925 526; x_wconf 86' lang='lat' dir='ltr'>saeculo</span> <span class='ocrx_word' id='word_1_10' title='bbox 954 465 1122 542; x_wconf 81' lang='lat' dir='ltr'>excogitata</span> <span class='ocrx_word' id='word_1_11' title='bbox 1145 465 1193 524; x_wconf 82' lang='lat' dir='ltr'>vel</span> <span class='ocrx_word' id='word_1_12' title='bbox 1222 464 1322 523; x_wconf 63' lang='lat' dir='ltr'>disrino</span> <span class='ocrx_word' id='word_1_13' title='bbox 1351 464 1483 540; x_wconf 86' lang='lat' dir='ltr'>quodam</span> <span class='ocrx_word' id='word_1_14' title='bbox 1513 465 1557 522; x_wconf 92' lang='lat' dir='ltr'>in-</span> 
     </span>
     <span class='ocr_line' id='line_1_3' title="bbox 241 562 1558 642; baseline -0.005 -16"><span class='ocrx_word' id='word_1_15' title='bbox 241 568 354 626; x_wconf 89' lang='lat' dir='ltr'>stinctu</span> <span class='ocrx_word' id='word_1_16' title='bbox 376 565 500 625; x_wconf 83' lang='lat' dir='ltr'>inventa</span> <span class='ocrx_word' id='word_1_17' title='bbox 522 584 585 626; x_wconf 88' lang='lat' dir='ltr'>esse</span> <span class='ocrx_word' id='word_1_18' title='bbox 608 568 702 642; x_wconf 87' lang='lat' dir='ltr'>patet.</span> <span class='ocrx_word' id='word_1_19' title='bbox 748 563 806 622; x_wconf 82' lang='lat' dir='ltr'>Sed</span> <span class='ocrx_word' id='word_1_20' title='bbox 828 564 904 622; x_wconf 89' lang='lat' dir='ltr'><strong>nihil</strong></span> <span class='ocrx_word' id='word_1_21' title='bbox 927 564 1041 637; x_wconf 87' lang='lat' dir='ltr'>obstat,</span> <span class='ocrx_word' id='word_1_22' title='bbox 1068 583 1105 622; x_wconf 91' lang='lat' dir='ltr'>ne</span> <span class='ocrx_word' id='word_1_23' title='bbox 1127 563 1253 622; x_wconf 89' lang='lat' dir='ltr'>Iulietas</span> <span class='ocrx_word' id='word_1_24' title='bbox 1276 562 1331 621; x_wconf 90' lang='lat' dir='ltr'>illa</span> <span class='ocrx_word' id='word_1_25' title='bbox 1354 565 1454 621; x_wconf 87' lang='lat' dir='ltr'>aetate</span> <span class='ocrx_word' id='word_1_26' title='bbox 1478 564 1558 620; x_wconf 85' lang='lat' dir='ltr'>anti·</span> 
     </span>
     <span class='ocr_line' id='line_1_4' title="bbox 242 660 1558 741; baseline -0.003 -19"><span class='ocrx_word' id='word_1_27' title='bbox 242 682 317 740; x_wconf 90' lang='lat' dir='ltr'>quas</span> <span class='ocrx_word' id='word_1_28' title='bbox 345 663 381 722; x_wconf 93' lang='lat' dir='ltr'>de</span> <span class='ocrx_word' id='word_1_29' title='bbox 415 662 568 723; x_wconf 68' lang='lat' dir='ltr'>iuuentus</span> <span class='ocrx_word' id='word_1_30' title='bbox 600 663 694 741; x_wconf 79' lang='lat' dir='ltr'>leges,</span> <span class='ocrx_word' id='word_1_31' title='bbox 727 681 803 738; x_wconf 90' lang='lat' dir='ltr'>quae</span> <span class='ocrx_word' id='word_1_32' title='bbox 834 665 899 720; x_wconf 90' lang='lat' dir='ltr'>tum</span> <span class='ocrx_word' id='word_1_33' title='bbox 932 661 992 719; x_wconf 88' lang='lat' dir='ltr'>sive</span> <span class='ocrx_word' id='word_1_34' title='bbox 1021 661 1079 719; x_wconf 91' lang='lat' dir='ltr'>iam</span> <span class='ocrx_word' id='word_1_35' title='bbox 1109 660 1225 736; x_wconf 81' lang='lat' dir='ltr'><strong>pridem</strong></span> <span class='ocrx_word' id='word_1_36' title='bbox 1253 661 1381 736; x_wconf 76' lang='lat' dir='ltr'>scriptae</span> <span class='ocrx_word' id='word_1_37' title='bbox 1410 661 1474 719; x_wconf 84' lang='lat' dir='ltr'>sive</span> <span class='ocrx_word' id='word_1_38' title='bbox 1497 679 1558 718; x_wconf 93' lang='lat' dir='ltr'>non</span> 
     </span>
     <span class='ocr_line' id='line_1_5' title="bbox 242 759 1559 837; baseline -0.003 -17"><span class='ocrx_word' id='word_1_39' title='bbox 242 763 371 837; x_wconf 74' lang='lat' dir='ltr'>scriptae</span> <span class='ocrx_word' id='word_1_40' title='bbox 393 760 606 822; x_wconf 86' lang='lat' dir='ltr'>consuetudine</span> <span class='ocrx_word' id='word_1_41' title='bbox 624 761 702 837; x_wconf 90' lang='lat' dir='ltr'>apud</span> <span class='ocrx_word' id='word_1_42' title='bbox 726 779 776 820; x_wconf 89' lang='lat' dir='ltr'>eos</span> <span class='ocrx_word' id='word_1_43' title='bbox 794 759 943 832; x_wconf 84' lang='lat' dir='ltr'>valebant,</span> <span class='ocrx_word' id='word_1_44' title='bbox 967 760 1182 836; x_wconf 77' lang='lat' dir='ltr'>recognovisse,</span> <span class='ocrx_word' id='word_1_45' title='bbox 1204 759 1373 836; x_wconf 80' lang='lat' dir='ltr'>recognitae</span> <span class='ocrx_word' id='word_1_46' title='bbox 1392 761 1422 817; x_wconf 88' lang='lat' dir='ltr'>et</span> <span class='ocrx_word' id='word_1_47' title='bbox 1441 759 1559 834; x_wconf 84' lang='lat' dir='ltr'>aliqua-</span> 
     </span>
     <span class='ocr_line' id='line_1_6' title="bbox 242 856 1560 936; baseline -0.003 -18"><span class='ocrx_word' id='word_1_48' title='bbox 242 865 329 918; x_wconf 89' lang='lat' dir='ltr'>tenus</span> <span class='ocrx_word' id='word_1_49' title='bbox 355 862 535 936; x_wconf 88' lang='lat' dir='ltr'>temperatas</span> <span class='ocrx_word' id='word_1_50' title='bbox 558 859 653 936; x_wconf 86' lang='lat' dir='ltr'>lapidi</span> <span class='ocrx_word' id='word_1_51' title='bbox 676 859 815 917; x_wconf 84' lang='lat' dir='ltr'>incidisse</span> <span class='ocrx_word' id='word_1_52' title='bbox 838 859 985 934; x_wconf 89' lang='lat' dir='ltr'>putemus.</span> <span class='ocrx_word' id='word_1_53' title='bbox 1023 856 1058 916; x_wconf 92' lang='lat' dir='ltr'>Id</span> <span class='ocrx_word' id='word_1_54' title='bbox 1082 856 1162 932; x_wconf 87' lang='lat' dir='ltr'>quod</span> <span class='ocrx_word' id='word_1_55' title='bbox 1185 857 1377 916; x_wconf 83' lang='lat' dir='ltr'>confirmatur</span> <span class='ocrx_word' id='word_1_56' title='bbox 1400 876 1459 915; x_wconf 87' lang='lat' dir='ltr'>uno</span> <span class='ocrx_word' id='word_1_57' title='bbox 1479 864 1560 915; x_wconf 87' lang='lat' dir='ltr'>certe</span> 
     </span>
     <span class='ocr_line' id='line_1_7' title="bbox 242 949 1562 1035; baseline -0.002 -19"><span class='ocrx_word' id='word_1_58' title='bbox 242 959 307 1018; x_wconf 93' lang='lat' dir='ltr'>loco</span> <span class='ocrx_word' id='word_1_59' title='bbox 331 957 405 1033; x_wconf 91' lang='lat' dir='ltr'>ipsis</span> <span class='ocrx_word' id='word_1_60' title='bbox 433 957 517 1016; x_wconf 87' lang='lat' dir='ltr'>tituli</span> <span class='ocrx_word' id='word_1_61' title='bbox 539 956 651 1030; x_wconf 72' lang='lat' dir='ltr'>verbis,</span> <span class='ocrx_word' id='word_1_62' title='bbox 680 956 789 1016; x_wconf 91' lang='lat' dir='ltr'>etenim</span> <span class='ocrx_word' id='word_1_63' title='bbox 817 954 896 1031; x_wconf 91' lang='lat' dir='ltr'>quod</span> <span class='ocrx_word' id='word_1_64' title='bbox 919 975 946 1014; x_wconf 84' lang='lat' dir='ltr'>r.</span> <span class='ocrx_word' id='word_1_65' title='bbox 969 956 1008 1014; x_wconf 81' lang='lat'>12</span> <span class='ocrx_word' id='word_1_66' title='bbox 1033 955 1166 1014; x_wconf 89' lang='lat' dir='ltr'>sancitur</span> <span class='ocrx_word' id='word_1_67' title='bbox 1188 954 1376 1033; x_wconf 80' lang='grc' dir='ltr'><strong><em>πρασφαγίωι</em></strong></span> <span class='ocrx_word' id='word_1_68' title='bbox 1405 949 1562 1035; x_wconf 59' lang='lat' dir='ltr'>[fletebus</span> 
     </span>
     <span class='ocr_line' id='line_1_8' title="bbox 243 1049 1563 1135; baseline -0.004 -20"><span class='ocrx_word' id='word_1_69' title='bbox 243 1053 318 1116; x_wconf 80' lang='grc' dir='ltr'><strong><em>κατὰ</em></strong></span> <span class='ocrx_word' id='word_1_70' title='bbox 341 1053 376 1114; x_wconf 81' lang='grc' dir='ltr'>τὰ</span> <span class='ocrx_word' id='word_1_71' title='bbox 398 1049 549 1135; x_wconf 81' lang='grc' dir='ltr'><strong><em>π[ιίιρια],</em></strong></span> <span class='ocrx_word' id='word_1_72' title='bbox 581 1054 650 1112; x_wconf 90' lang='lat' dir='ltr'>inde</span> <span class='ocrx_word' id='word_1_73' title='bbox 674 1057 772 1114; x_wconf 87' lang='lat' dir='ltr'>cetera</span> <span class='ocrx_word' id='word_1_74' title='bbox 795 1057 956 1130; x_wconf 87' lang='lat' dir='ltr'>praecepta</span> <span class='ocrx_word' id='word_1_75' title='bbox 979 1071 1088 1132; x_wconf 80' lang='lat' dir='ltr'>magna</span> <span class='ocrx_word' id='word_1_76' title='bbox 1111 1052 1230 1129; x_wconf 90' lang='lat' dir='ltr'>quidem</span> <span class='ocrx_word' id='word_1_77' title='bbox 1253 1055 1398 1129; x_wconf 82' lang='lat' dir='ltr'>exparte</span> <span class='ocrx_word' id='word_1_78' title='bbox 1425 1049 1501 1111; x_wconf 79' lang='grc' dir='ltr'><strong><em>κατὰ</em></strong></span> <span class='ocrx_word' id='word_1_79' title='bbox 1526 1050 1563 1110; x_wconf 83' lang='grc' dir='ltr'>τὰ</span> 
     </span>
     <span class='ocr_line' id='line_1_9' title="bbox 243 1139 1564 1234; baseline -0.003 -22"><span class='ocrx_word' id='word_1_80' title='bbox 243 1152 351 1234; x_wconf 80' lang='grc' dir='ltr'><strong><em>πάτρια</em></strong></span> <span class='ocrx_word' id='word_1_81' title='bbox 374 1171 448 1212; x_wconf 90' lang='lat' dir='ltr'>non</span> <span class='ocrx_word' id='word_1_82' title='bbox 470 1153 561 1212; x_wconf 83' lang='lat' dir='ltr'>lirisse</span> <span class='ocrx_word' id='word_1_83' title='bbox 584 1139 759 1225; x_wconf 80' lang='lat' dir='ltr'>necessario,</span> <span class='ocrx_word' id='word_1_84' title='bbox 782 1153 815 1210; x_wconf 90' lang='lat' dir='ltr'>ni</span> <span class='ocrx_word' id='word_1_85' title='bbox 833 1151 931 1224; x_wconf 87' lang='lat' dir='ltr'>fallor,</span> <span class='ocrx_word' id='word_1_86' title='bbox 954 1150 1114 1229; x_wconf 77' lang='lat' dir='ltr'>colligitur.</span> <span class='ocrx_word' id='word_1_87' title='bbox 1152 1150 1281 1209; x_wconf 90' lang='lat' dir='ltr'>Koehler</span> <span class='ocrx_word' id='word_1_88' title='bbox 1298 1169 1368 1210; x_wconf 90' lang='lat' dir='ltr'>sane</span> <span class='ocrx_word' id='word_1_89' title='bbox 1388 1150 1463 1224; x_wconf 85' lang='lat' dir='ltr'>ideo,</span> <span class='ocrx_word' id='word_1_90' title='bbox 1487 1151 1564 1227; x_wconf 87' lang='lat' dir='ltr'>quia</span> 
     </span>
    </p>
   </div>
   <div class='ocr_carea' id='block_1_3' title="bbox 128 1247 1565 1326">
    <p class='ocr_par' dir='ltr' id='par_1_3' title="bbox 128 1247 1565 1326">
     <span class='ocr_line' id='line_1_10' title="bbox 128 1247 1565 1326; baseline -0.003 -16"><span class='ocrx_word' id='word_1_91' title='bbox 128 1265 129 1270; x_wconf 74' lang='grc'>’</span> <span class='ocrx_word' id='word_1_92' title='bbox 243 1251 316 1311; x_wconf 93' lang='lat' dir='ltr'>alibi</span> <span class='ocrx_word' id='word_1_93' title='bbox 349 1250 460 1309; x_wconf 88' lang='lat' dir='ltr'>talibus</span> <span class='ocrx_word' id='word_1_94' title='bbox 494 1249 646 1310; x_wconf 87' lang='lat' dir='ltr'>sacrificiis</span> <span class='ocrx_word' id='word_1_95' title='bbox 673 1249 867 1309; x_wconf 87' lang='lat' dir='ltr'>interdictum</span> <span class='ocrx_word' id='word_1_96' title='bbox 895 1253 973 1322; x_wconf 91' lang='lat' dir='ltr'>erat,</span> <span class='ocrx_word' id='word_1_97' title='bbox 1006 1248 1125 1308; x_wconf 90' lang='lat' dir='ltr'>definite</span> <span class='ocrx_word' id='word_1_98' title='bbox 1149 1267 1184 1308; x_wconf 86' lang='lat' dir='ltr'>ea</span> <span class='ocrx_word' id='word_1_99' title='bbox 1211 1249 1277 1326; x_wconf 85' lang='lat' dir='ltr'>lege</span> <span class='ocrx_word' id='word_1_100' title='bbox 1300 1247 1415 1307; x_wconf 90' lang='lat' dir='ltr'>Iulensi</span> <span class='ocrx_word' id='word_1_101' title='bbox 1438 1249 1565 1308; x_wconf 89' lang='lat' dir='ltr'>concedi</span> 
     </span>
    </p>
   </div>
   <div class='ocr_carea' id='block_1_4' title="bbox 242 1341 1565 3780">
    <p class='ocr_par' dir='ltr' id='par_1_4' title="bbox 242 1341 1565 3780">
     <span class='ocr_line' id='line_1_11' title="bbox 242 1341 1564 1431; baseline -0.002 -24"><span class='ocrx_word' id='word_1_102' title='bbox 242 1341 391 1430; x_wconf 58' lang='lat' dir='ltr'>putten),</span> <span class='ocrx_word' id='word_1_103' title='bbox 419 1353 451 1407; x_wconf 89' lang='lat' dir='ltr'>st</span> <span class='ocrx_word' id='word_1_104' title='bbox 473 1348 598 1408; x_wconf 88' lang='lat' dir='ltr'>Iulietas</span> <span class='ocrx_word' id='word_1_105' title='bbox 623 1368 690 1408; x_wconf 91' lang='lat' dir='ltr'>cum</span> <span class='ocrx_word' id='word_1_106' title='bbox 718 1349 799 1425; x_wconf 83' lang='lat' dir='ltr'>leges</span> <span class='ocrx_word' id='word_1_107' title='bbox 823 1347 985 1407; x_wconf 90' lang='lat' dir='ltr'>scriberent</span> <span class='ocrx_word' id='word_1_108' title='bbox 1008 1347 1134 1431; x_wconf 85' lang='lat' dir='ltr'>aliarum</span> <span class='ocrx_word' id='word_1_109' title='bbox 1159 1348 1317 1406; x_wconf 80' lang='lat' dir='ltr'>civitatum</span> <span class='ocrx_word' id='word_1_110' title='bbox 1344 1349 1388 1405; x_wconf 84' lang='lat' dir='ltr'>ita</span> <span class='ocrx_word' id='word_1_111' title='bbox 1411 1349 1564 1406; x_wconf 83' lang='lat' dir='ltr'>rationem</span> 
     </span>
     <span class='ocr_line' id='line_1_12' title="bbox 244 1444 1561 1524; baseline -0.001 -17"><span class='ocrx_word' id='word_1_112' title='bbox 244 1447 400 1507; x_wconf 86' lang='lat' dir='ltr'>habituros</span> <span class='ocrx_word' id='word_1_113' title='bbox 424 1447 523 1521; x_wconf 89' lang='lat' dir='ltr'>fnisse,</span> <span class='ocrx_word' id='word_1_114' title='bbox 546 1447 604 1506; x_wconf 90' lang='lat' dir='ltr'>nisi</span> <span class='ocrx_word' id='word_1_115' title='bbox 628 1446 707 1522; x_wconf 87' lang='lat' dir='ltr'>apud</span> <span class='ocrx_word' id='word_1_116' title='bbox 729 1449 811 1522; x_wconf 91' lang='lat' dir='ltr'>ipsos</span> <span class='ocrx_word' id='word_1_117' title='bbox 834 1446 972 1518; x_wconf 86' lang='lat' dir='ltr'>fuissent,</span> <span class='ocrx_word' id='word_1_118' title='bbox 994 1448 1047 1522; x_wconf 88' lang='lat' dir='ltr'>qni</span> <span class='ocrx_word' id='word_1_119' title='bbox 1065 1445 1145 1506; x_wconf 91' lang='lat' dir='ltr'>idem</span> <span class='ocrx_word' id='word_1_120' title='bbox 1163 1448 1312 1524; x_wconf 73' lang='lat' dir='ltr'>rogarent,</span> <span class='ocrx_word' id='word_1_121' title='bbox 1336 1445 1399 1504; x_wconf 89' lang='lat' dir='ltr'>veri</span> <span class='ocrx_word' id='word_1_122' title='bbox 1419 1444 1561 1506; x_wconf 86' lang='lat' dir='ltr'>dissimil-</span> 
     </span>
     <span class='ocr_line' id='line_1_13' title="bbox 243 1543 1564 1619; baseline -0.003 -15"><span class='ocrx_word' id='word_1_123' title='bbox 243 1547 350 1604; x_wconf 89' lang='lat' dir='ltr'>limum</span> <span class='ocrx_word' id='word_1_124' title='bbox 379 1546 463 1604; x_wconf 90' lang='lat' dir='ltr'>duco.</span> <span class='ocrx_word' id='word_1_125' title='bbox 513 1544 609 1604; x_wconf 85' lang='lat' dir='ltr'>immo</span> <span class='ocrx_word' id='word_1_126' title='bbox 637 1547 682 1602; x_wconf 89' lang='lat' dir='ltr'>ite</span> <span class='ocrx_word' id='word_1_127' title='bbox 709 1565 771 1603; x_wconf 91' lang='lat' dir='ltr'>rem</span> <span class='ocrx_word' id='word_1_128' title='bbox 800 1544 931 1604; x_wconf 86' lang='lat' dir='ltr'>evenisse</span> <span class='ocrx_word' id='word_1_129' title='bbox 958 1545 1046 1619; x_wconf 91' lang='lat' dir='ltr'>puto,</span> <span class='ocrx_word' id='word_1_130' title='bbox 1077 1545 1112 1602; x_wconf 88' lang='lat' dir='ltr'>ut</span> <span class='ocrx_word' id='word_1_131' title='bbox 1139 1563 1206 1602; x_wconf 91' lang='lat' dir='ltr'>cum</span> <span class='ocrx_word' id='word_1_132' title='bbox 1233 1545 1406 1618; x_wconf 79' lang='lat' dir='ltr'>ceteroquin</span> <span class='ocrx_word' id='word_1_133' title='bbox 1437 1543 1475 1616; x_wconf 90' lang='lat' dir='ltr'>ii,</span> <span class='ocrx_word' id='word_1_134' title='bbox 1507 1543 1564 1618; x_wconf 89' lang='lat' dir='ltr'>qui</span> 
     </span>
     <span class='ocr_line' id='line_1_14' title="bbox 245 1640 1563 1719; baseline -0.003 -16"><span class='ocrx_word' id='word_1_135' title='bbox 245 1646 399 1719; x_wconf 87' lang='lat' dir='ltr'>sumptum</span> <span class='ocrx_word' id='word_1_136' title='bbox 422 1643 616 1702; x_wconf 88' lang='lat' dir='ltr'>minuendum</span> <span class='ocrx_word' id='word_1_137' title='bbox 635 1641 803 1716; x_wconf 76' lang='lat' dir='ltr'>censebant,</span> <span class='ocrx_word' id='word_1_138' title='bbox 826 1641 975 1716; x_wconf 77' lang='lat' dir='ltr'>vicissent,</span> <span class='ocrx_word' id='word_1_139' title='bbox 998 1642 1028 1699; x_wconf 93' lang='lat' dir='ltr'>in</span> <span class='ocrx_word' id='word_1_140' title='bbox 1049 1642 1104 1700; x_wconf 85' lang='lat' dir='ltr'>hac</span> <span class='ocrx_word' id='word_1_141' title='bbox 1123 1661 1155 1699; x_wconf 89' lang='lat' dir='ltr'>re</span> <span class='ocrx_word' id='word_1_142' title='bbox 1174 1641 1318 1719; x_wconf 80' lang='lat' dir='ltr'>pristinae</span> <span class='ocrx_word' id='word_1_143' title='bbox 1337 1640 1563 1700; x_wconf 84' lang='lat' dir='ltr'>consuetudinis</span> 
     </span>
     <span class='ocr_line' id='line_1_15' title="bbox 245 1738 1564 1816; baseline -0.002 -16"><span class='ocrx_word' id='word_1_144' title='bbox 245 1743 378 1800; x_wconf 84' lang='lat' dir='ltr'>fautores</span> <span class='ocrx_word' id='word_1_145' title='bbox 401 1743 567 1816; x_wconf 88' lang='lat' dir='ltr'>superiores</span> <span class='ocrx_word' id='word_1_146' title='bbox 592 1740 784 1814; x_wconf 83' lang='lat' dir='ltr'>discederent,</span> <span class='ocrx_word' id='word_1_147' title='bbox 808 1741 954 1816; x_wconf 88' lang='lat' dir='ltr'>huiusque</span> <span class='ocrx_word' id='word_1_148' title='bbox 973 1740 1143 1800; x_wconf 77' lang='lat' dir='ltr'>certaminis</span> <span class='ocrx_word' id='word_1_149' title='bbox 1161 1739 1274 1798; x_wconf 91' lang='lat' dir='ltr'>recenti</span> <span class='ocrx_word' id='word_1_150' title='bbox 1292 1739 1453 1798; x_wconf 88' lang='lat' dir='ltr'>memoriae</span> <span class='ocrx_word' id='word_1_151' title='bbox 1470 1738 1564 1798; x_wconf 88' lang='lat' dir='ltr'>verba</span> 
     </span>
     <span class='ocr_line' id='line_1_16' title="bbox 245 1831 1562 1919; baseline -0.002 -20"><span class='ocrx_word' id='word_1_152' title='bbox 245 1840 300 1899; x_wconf 90' lang='lat' dir='ltr'>illa</span> <span class='ocrx_word' id='word_1_153' title='bbox 323 1831 472 1919; x_wconf 80' lang='lat' dir='ltr'>deberi.²³)</span> <span class='ocrx_word' id='word_1_154' title='bbox 513 1839 586 1898; x_wconf 90' lang='lat' dir='ltr'>inde</span> <span class='ocrx_word' id='word_1_155' title='bbox 609 1839 751 1896; x_wconf 91' lang='lat' dir='ltr'>nimirum</span> <span class='ocrx_word' id='word_1_156' title='bbox 773 1858 833 1897; x_wconf 92' lang='lat' dir='ltr'>non</span> <span class='ocrx_word' id='word_1_157' title='bbox 856 1837 999 1896; x_wconf 90' lang='lat' dir='ltr'>concludo</span> <span class='ocrx_word' id='word_1_158' title='bbox 1023 1837 1139 1914; x_wconf 91' lang='lat' dir='ltr'>reliqua</span> <span class='ocrx_word' id='word_1_159' title='bbox 1162 1841 1322 1913; x_wconf 85' lang='lat' dir='ltr'>praecepta</span> <span class='ocrx_word' id='word_1_160' title='bbox 1345 1838 1445 1896; x_wconf 88' lang='lat' dir='ltr'>omnia</span> <span class='ocrx_word' id='word_1_161' title='bbox 1469 1856 1489 1897; x_wconf 89' lang='lat' dir='ltr'>a</span> <span class='ocrx_word' id='word_1_162' title='bbox 1506 1857 1562 1914; x_wconf 65' lang='lat' dir='ltr'>pe</span> 
     </span>
     <span class='ocr_line' id='line_1_17' title="bbox 246 1936 1563 2013; baseline -0.002 -17"><span class='ocrx_word' id='word_1_163' title='bbox 246 1938 305 1996; x_wconf 90' lang='lat' dir='ltr'>trio</span> <span class='ocrx_word' id='word_1_164' title='bbox 325 1955 405 1996; x_wconf 91' lang='lat' dir='ltr'>more</span> <span class='ocrx_word' id='word_1_165' title='bbox 424 1936 573 1995; x_wconf 87' lang='lat' dir='ltr'>recedere:</span> <span class='ocrx_word' id='word_1_166' title='bbox 597 1941 627 1996; x_wconf 91' lang='lat' dir='ltr'>et</span> <span class='ocrx_word' id='word_1_167' title='bbox 646 1938 743 1995; x_wconf 88' lang='lat' dir='ltr'>multa</span> <span class='ocrx_word' id='word_1_168' title='bbox 762 1938 856 2008; x_wconf 86' lang='lat' dir='ltr'>erant,</span> <span class='ocrx_word' id='word_1_169' title='bbox 880 1955 957 2013; x_wconf 89' lang='lat' dir='ltr'>quae</span> <span class='ocrx_word' id='word_1_170' title='bbox 976 1939 1092 1994; x_wconf 89' lang='lat' dir='ltr'>mutare</span> <span class='ocrx_word' id='word_1_171' title='bbox 1113 1936 1223 1995; x_wconf 89' lang='lat' dir='ltr'>nemini</span> <span class='ocrx_word' id='word_1_172' title='bbox 1242 1937 1274 1993; x_wconf 89' lang='lat' dir='ltr'>iu</span> <span class='ocrx_word' id='word_1_173' title='bbox 1287 1941 1417 1995; x_wconf 89' lang='lat' dir='ltr'>mentem</span> <span class='ocrx_word' id='word_1_174' title='bbox 1435 1936 1563 2009; x_wconf 84' lang='lat' dir='ltr'>veniret,</span> 
     </span>
     <span class='ocr_line' id='line_1_18' title="bbox 247 2034 1564 2112; baseline -0.002 -18"><span class='ocrx_word' id='word_1_175' title='bbox 247 2054 342 2112; x_wconf 87' lang='lat' dir='ltr'>neque</span> <span class='ocrx_word' id='word_1_176' title='bbox 367 2053 483 2094; x_wconf 89' lang='lat' dir='ltr'>omnem</span> <span class='ocrx_word' id='word_1_177' title='bbox 507 2037 660 2111; x_wconf 88' lang='lat' dir='ltr'>sumptum</span> <span class='ocrx_word' id='word_1_178' title='bbox 683 2037 760 2094; x_wconf 91' lang='lat' dir='ltr'>mori</span> <span class='ocrx_word' id='word_1_179' title='bbox 782 2034 912 2093; x_wconf 88' lang='lat' dir='ltr'>tribuere</span> <span class='ocrx_word' id='word_1_180' title='bbox 935 2034 1006 2094; x_wconf 87' lang='lat' dir='ltr'>licet</span> <span class='ocrx_word' id='word_1_181' title='bbox 1023 2035 1136 2110; x_wconf 88' lang='lat' dir='ltr'>patrio:</span> <span class='ocrx_word' id='word_1_182' title='bbox 1159 2035 1243 2093; x_wconf 86' lang='lat' dir='ltr'>velut</span> <span class='ocrx_word' id='word_1_183' title='bbox 1268 2037 1513 2094; x_wconf 82' lang='lat' dir='ltr'>vestimentorum</span> <span class='ocrx_word' id='word_1_184' title='bbox 1533 2037 1564 2093; x_wconf 88' lang='lat' dir='ltr'>et</span> 
     </span>
     <span class='ocr_line' id='line_1_19' title="bbox 247 2131 1562 2209; baseline -0.002 -17"><span class='ocrx_word' id='word_1_185' title='bbox 247 2133 453 2209; x_wconf 88' lang='lat' dir='ltr'>sepulcrorum</span> <span class='ocrx_word' id='word_1_186' title='bbox 475 2132 596 2191; x_wconf 86' lang='lat' dir='ltr'>luxuria</span> <span class='ocrx_word' id='word_1_187' title='bbox 618 2133 668 2192; x_wconf 86' lang='lat' dir='ltr'>vix</span> <span class='ocrx_word' id='word_1_188' title='bbox 692 2136 756 2191; x_wconf 87' lang='lat' dir='ltr'>erat</span> <span class='ocrx_word' id='word_1_189' title='bbox 779 2132 891 2208; x_wconf 85' lang='lat' dir='ltr'>patria,</span> <span class='ocrx_word' id='word_1_190' title='bbox 915 2135 980 2190; x_wconf 89' lang='lat' dir='ltr'>erat</span> <span class='ocrx_word' id='word_1_191' title='bbox 998 2151 1068 2191; x_wconf 92' lang='lat' dir='ltr'>vero</span> <span class='ocrx_word' id='word_1_192' title='bbox 1092 2133 1275 2190; x_wconf 89' lang='lat' dir='ltr'>lamentatio.</span> <span class='ocrx_word' id='word_1_193' title='bbox 1317 2131 1437 2190; x_wconf 82' lang='lat' dir='ltr'>Adsunt</span> <span class='ocrx_word' id='word_1_194' title='bbox 1459 2137 1562 2191; x_wconf 88' lang='lat' dir='ltr'>tamen</span> 
     </span>
     <span class='ocr_line' id='line_1_20' title="bbox 247 2229 1516 2308; baseline -0.002 -18"><span class='ocrx_word' id='word_1_195' title='bbox 247 2233 338 2290; x_wconf 87' lang='lat' dir='ltr'>etiam</span> <span class='ocrx_word' id='word_1_196' title='bbox 363 2231 393 2288; x_wconf 90' lang='lat' dir='ltr'>in</span> <span class='ocrx_word' id='word_1_197' title='bbox 418 2231 543 2308; x_wconf 84' lang='lat' dir='ltr'>singulis</span> <span class='ocrx_word' id='word_1_198' title='bbox 566 2232 733 2307; x_wconf 86' lang='lat' dir='ltr'>praeceptis</span> <span class='ocrx_word' id='word_1_199' title='bbox 753 2232 834 2289; x_wconf 87' lang='lat' dir='ltr'>certa</span> <span class='ocrx_word' id='word_1_200' title='bbox 852 2229 979 2308; x_wconf 84' lang='lat' dir='ltr'>vestigia</span> <span class='ocrx_word' id='word_1_201' title='bbox 1002 2231 1093 2288; x_wconf 90' lang='lat' dir='ltr'>moris</span> <span class='ocrx_word' id='word_1_202' title='bbox 1116 2229 1208 2306; x_wconf 87' lang='lat' dir='ltr'>patrii</span> <span class='ocrx_word' id='word_1_203' title='bbox 1231 2231 1286 2290; x_wconf 93' lang='lat' dir='ltr'>hac</span> <span class='ocrx_word' id='word_1_204' title='bbox 1304 2231 1369 2308; x_wconf 85' lang='lat' dir='ltr'>lege</span> <span class='ocrx_word' id='word_1_205' title='bbox 1393 2229 1516 2289; x_wconf 84' lang='lat' dir='ltr'>sublati.</span> 
     </span>
     <span class='ocr_line' id='line_1_21' title="bbox 337 2325 1562 2406; baseline 0.003 -23"><span class='ocrx_word' id='word_1_206' title='bbox 337 2328 373 2386; x_wconf 89' lang='lat' dir='ltr'>V.</span> <span class='ocrx_word' id='word_1_207' title='bbox 396 2330 479 2387; x_wconf 89' lang='grc'>1-6</span> <span class='ocrx_word' id='word_1_208' title='bbox 513 2325 545 2388; x_wconf 79' lang='grc' dir='ltr'>ἐν</span> <span class='ocrx_word' id='word_1_209' title='bbox 574 2325 703 2406; x_wconf 72' lang='grc' dir='ltr'><strong><em>ἱματίοις</em></strong></span> <span class='ocrx_word' id='word_1_210' title='bbox 731 2325 806 2406; x_wconf 78' lang='grc' dir='ltr'><strong><em>τρισί</em></strong></span> <span class='ocrx_word' id='word_1_211' title='bbox 833 2331 905 2387; x_wconf 74' lang='lat' dir='ltr'>art:</span> <span class='ocrx_word' id='word_1_212' title='bbox 937 2329 1120 2404; x_wconf 78' lang='lat' dir='ltr'>praepositio</span> <span class='ocrx_word' id='word_1_213' title='bbox 1149 2326 1180 2388; x_wconf 80' lang='grc' dir='ltr'>ἐν</span> <span class='ocrx_word' id='word_1_214' title='bbox 1208 2329 1246 2388; x_wconf 88' lang='lat' dir='ltr'>ad</span> <span class='ocrx_word' id='word_1_215' title='bbox 1274 2328 1395 2387; x_wconf 85' lang='lat' dir='ltr'>verbum</span> <span class='ocrx_word' id='word_1_216' title='bbox 1428 2329 1562 2405; x_wconf 83' lang='lat' dir='ltr'>proxime</span> 
     </span>
     <span class='ocr_line' id='line_1_22' title="bbox 247 2424 1563 2506; baseline 0 -20"><span class='ocrx_word' id='word_1_217' title='bbox 247 2427 424 2486; x_wconf 84' lang='lat' dir='ltr'>antecedens</span> <span class='ocrx_word' id='word_1_218' title='bbox 452 2425 566 2486; x_wconf 81' lang='grc' dir='ltr'><strong><em>θάπτεν</em></strong></span> <span class='ocrx_word' id='word_1_219' title='bbox 593 2427 749 2486; x_wconf 84' lang='lat' dir='ltr'>referenda</span> <span class='ocrx_word' id='word_1_220' title='bbox 778 2429 836 2498; x_wconf 91' lang='lat' dir='ltr'>est,</span> <span class='ocrx_word' id='word_1_221' title='bbox 868 2425 947 2484; x_wconf 91' lang='lat' dir='ltr'>unde</span> <span class='ocrx_word' id='word_1_222' title='bbox 974 2430 1076 2486; x_wconf 90' lang='lat' dir='ltr'>tamen</span> <span class='ocrx_word' id='word_1_223' title='bbox 1104 2427 1180 2486; x_wconf 90' lang='lat' dir='ltr'>illud</span> <span class='ocrx_word' id='word_1_224' title='bbox 1207 2424 1239 2486; x_wconf 79' lang='grc' dir='ltr'>ἐν</span> <span class='ocrx_word' id='word_1_225' title='bbox 1267 2424 1395 2504; x_wconf 81' lang='grc' dir='ltr'><strong><em>ἕματίοις</em></strong></span> <span class='ocrx_word' id='word_1_226' title='bbox 1422 2427 1500 2506; x_wconf 75' lang='grc' dir='ltr'><strong><em>τρισί</em></strong></span> <span class='ocrx_word' id='word_1_227' title='bbox 1525 2427 1563 2486; x_wconf 90' lang='lat' dir='ltr'>de</span> 
     </span>
     <span class='ocr_line' id='line_1_23' title="bbox 248 2517 1563 2604; baseline 0.002 -22"><span class='ocrx_word' id='word_1_228' title='bbox 248 2527 314 2602; x_wconf 90' lang='lat' dir='ltr'>ipsa</span> <span class='ocrx_word' id='word_1_229' title='bbox 336 2525 509 2584; x_wconf 89' lang='lat' dir='ltr'>humatione</span> <span class='ocrx_word' id='word_1_230' title='bbox 534 2523 595 2583; x_wconf 83' lang='lat' dir='ltr'>sive</span> <span class='ocrx_word' id='word_1_231' title='bbox 619 2526 800 2584; x_wconf 88' lang='lat' dir='ltr'>crematione</span> <span class='ocrx_word' id='word_1_232' title='bbox 808 2517 847 2604; x_wconf 73' lang='grc'>14)</span> <span class='ocrx_word' id='word_1_233' title='bbox 877 2527 1012 2601; x_wconf 88' lang='lat' dir='ltr'>praecipi</span> <span class='ocrx_word' id='word_1_234' title='bbox 1034 2544 1093 2585; x_wconf 89' lang='lat' dir='ltr'>non</span> <span class='ocrx_word' id='word_1_235' title='bbox 1117 2527 1220 2584; x_wconf 86' lang='lat' dir='ltr'>statim</span> <span class='ocrx_word' id='word_1_236' title='bbox 1244 2527 1392 2601; x_wconf 88' lang='lat' dir='ltr'>seqnitur,</span> <span class='ocrx_word' id='word_1_237' title='bbox 1419 2525 1563 2602; x_wconf 89' lang='lat' dir='ltr'>quoniam</span> 
     </span>
     <span class='ocr_line' id='line_1_24' title="bbox 248 2621 1564 2700; baseline 0 -18"><span class='ocrx_word' id='word_1_238' title='bbox 248 2642 317 2682; x_wconf 86' lang='lat' dir='ltr'>curn</span> <span class='ocrx_word' id='word_1_239' title='bbox 341 2625 461 2682; x_wconf 90' lang='lat' dir='ltr'>omuino</span> <span class='ocrx_word' id='word_1_240' title='bbox 484 2625 530 2681; x_wconf 84' lang='lat' dir='ltr'>vis</span> <span class='ocrx_word' id='word_1_241' title='bbox 553 2622 637 2681; x_wconf 86' lang='lat' dir='ltr'>verbi</span> <span class='ocrx_word' id='word_1_242' title='bbox 660 2621 786 2681; x_wconf 80' lang='grc' dir='ltr'><em>θάπτειν</em></span> <span class='ocrx_word' id='word_1_243' title='bbox 813 2622 904 2681; x_wconf 91' lang='lat' dir='ltr'>latius</span> <span class='ocrx_word' id='word_1_244' title='bbox 932 2625 1034 2698; x_wconf 87' lang='lat' dir='ltr'>patere</span> <span class='ocrx_word' id='word_1_245' title='bbox 1062 2625 1170 2700; x_wconf 86' lang='lat' dir='ltr'>possit,</span> <span class='ocrx_word' id='word_1_246' title='bbox 1198 2627 1263 2680; x_wconf 90' lang='lat' dir='ltr'>tum</span> <span class='ocrx_word' id='word_1_247' title='bbox 1289 2623 1344 2682; x_wconf 89' lang='lat' dir='ltr'>illa</span> <span class='ocrx_word' id='word_1_248' title='bbox 1367 2622 1458 2681; x_wconf 83' lang='lat' dir='ltr'>rerba</span> <span class='ocrx_word' id='word_1_249' title='bbox 1488 2621 1564 2682; x_wconf 76' lang='grc' dir='ltr'><strong><em>κατὰ</em></strong></span> 
     </span>
     <span class='ocr_line' id='line_1_25' title="bbox 248 2717 1564 2799; baseline 0.001 -20"><span class='ocrx_word' id='word_1_250' title='bbox 248 2719 316 2779; x_wconf 81' lang='grc' dir='ltr'>τάδε</span> <span class='ocrx_word' id='word_1_251' title='bbox 346 2719 462 2778; x_wconf 80' lang='grc' dir='ltr'><strong><em>θιίπιεν</em></strong></span> <span class='ocrx_word' id='word_1_252' title='bbox 484 2717 535 2779; x_wconf 80' lang='grc' dir='ltr'>τὸν</span> <span class='ocrx_word' id='word_1_253' title='bbox 559 2717 693 2778; x_wconf 77' lang='grc' dir='ltr'><strong><em>θανόντα</em></strong></span> <span class='ocrx_word' id='word_1_254' title='bbox 720 2722 877 2780; x_wconf 84' lang='lat' dir='ltr'>universae</span> <span class='ocrx_word' id='word_1_255' title='bbox 904 2721 964 2799; x_wconf 84' lang='lat' dir='ltr'>legi</span> <span class='ocrx_word' id='word_1_256' title='bbox 994 2722 1179 2798; x_wconf 86' lang='lat' dir='ltr'>praescripta</span> <span class='ocrx_word' id='word_1_257' title='bbox 1202 2721 1242 2780; x_wconf 89' lang='lat' dir='ltr'>ad</span> <span class='ocrx_word' id='word_1_258' title='bbox 1264 2722 1436 2780; x_wconf 81' lang='lat' dir='ltr'>universum</span> <span class='ocrx_word' id='word_1_259' title='bbox 1460 2723 1564 2798; x_wconf 85' lang='lat' dir='ltr'>potius</span> 
     </span>
     <span class='ocr_line' id='line_1_26' title="bbox 249 2817 1563 2897; baseline 0.001 -20"><span class='ocrx_word' id='word_1_260' title='bbox 249 2820 340 2877; x_wconf 82' lang='lat' dir='ltr'>funus</span> <span class='ocrx_word' id='word_1_261' title='bbox 363 2819 524 2893; x_wconf 86' lang='lat' dir='ltr'>pertinent.</span> <span class='ocrx_word' id='word_1_262' title='bbox 563 2817 674 2876; x_wconf 90' lang='lat' dir='ltr'>Ordine</span> <span class='ocrx_word' id='word_1_263' title='bbox 698 2818 791 2896; x_wconf 85' lang='lat' dir='ltr'>igitur</span> <span class='ocrx_word' id='word_1_264' title='bbox 813 2818 925 2876; x_wconf 84' lang='lat' dir='ltr'>funeris</span> <span class='ocrx_word' id='word_1_265' title='bbox 945 2819 1130 2879; x_wconf 90' lang='lat' dir='ltr'>considerato</span> <span class='ocrx_word' id='word_1_266' title='bbox 1150 2819 1279 2896; x_wconf 87' lang='lat' dir='ltr'>primunr</span> <span class='ocrx_word' id='word_1_267' title='bbox 1297 2819 1373 2897; x_wconf 83' lang='lat' dir='ltr'>legis</span> <span class='ocrx_word' id='word_1_268' title='bbox 1392 2820 1471 2878; x_wconf 89' lang='lat' dir='ltr'>lator</span> <span class='ocrx_word' id='word_1_269' title='bbox 1489 2817 1563 2897; x_wconf 75' lang='grc' dir='ltr'><strong><em>πρό-</em></strong></span> 
     </span>
     <span class='ocr_line' id='line_1_27' title="bbox 249 2913 1564 2994; baseline -0.001 -19"><span class='ocrx_word' id='word_1_270' title='bbox 249 2921 337 2975; x_wconf 85' lang='grc' dir='ltr'><strong><em>θεσιν</em></strong></span> <span class='ocrx_word' id='word_1_271' title='bbox 359 2917 391 2974; x_wconf 91' lang='lat' dir='ltr'>in</span> <span class='ocrx_word' id='word_1_272' title='bbox 416 2917 515 2974; x_wconf 85' lang='lat' dir='ltr'>animo</span> <span class='ocrx_word' id='word_1_273' title='bbox 542 2915 682 2975; x_wconf 86' lang='lat' dir='ltr'>habuisse</span> <span class='ocrx_word' id='word_1_274' title='bbox 711 2916 924 2976; x_wconf 85' lang='lat' dir='ltr'>existimandus</span> <span class='ocrx_word' id='word_1_275' title='bbox 953 2919 1011 2991; x_wconf 80' lang='lat' dir='ltr'>est3</span> <span class='ocrx_word' id='word_1_276' title='bbox 1038 2923 1117 2976; x_wconf 89' lang='lat' dir='ltr'>recte</span> <span class='ocrx_word' id='word_1_277' title='bbox 1145 2919 1247 2976; x_wconf 89' lang='lat' dir='ltr'>tamen</span> <span class='ocrx_word' id='word_1_278' title='bbox 1269 2918 1359 2976; x_wconf 79' lang='lat' dir='ltr'>verbo</span> <span class='ocrx_word' id='word_1_279' title='bbox 1387 2913 1564 2994; x_wconf 68' lang='lat' dir='ltr'>operativae</span> 
     </span>
     <span class='ocr_line' id='line_1_28' title="bbox 249 3012 1564 3089; baseline 0.002 -17"><span class='ocrx_word' id='word_1_280' title='bbox 249 3013 404 3088; x_wconf 86' lang='lat' dir='ltr'>abstinuit,</span> <span class='ocrx_word' id='word_1_281' title='bbox 429 3015 500 3089; x_wconf 90' lang='lat' dir='ltr'>quia</span> <span class='ocrx_word' id='word_1_282' title='bbox 517 3012 628 3072; x_wconf 89' lang='lat' dir='ltr'>mortui</span> <span class='ocrx_word' id='word_1_283' title='bbox 647 3031 753 3089; x_wconf 90' lang='lat' dir='ltr'>corpus</span> <span class='ocrx_word' id='word_1_284' title='bbox 772 3013 949 3073; x_wconf 82' lang='lat' dir='ltr'>efferebatur</span> <span class='ocrx_word' id='word_1_285' title='bbox 967 3019 1046 3074; x_wconf 89' lang='lat' dir='ltr'>certe</span> <span class='ocrx_word' id='word_1_286' title='bbox 1065 3014 1158 3074; x_wconf 86' lang='lat' dir='ltr'>isdem</span> <span class='ocrx_word' id='word_1_287' title='bbox 1178 3017 1370 3074; x_wconf 82' lang='lat' dir='ltr'>vestimentis.</span> <span class='ocrx_word' id='word_1_288' title='bbox 1408 3014 1473 3074; x_wconf 89' lang='lat' dir='ltr'>Iam</span> <span class='ocrx_word' id='word_1_289' title='bbox 1492 3035 1564 3074; x_wconf 78' lang='lat' dir='ltr'>vero</span> 
     </span>
     <span class='ocr_line' id='line_1_29' title="bbox 250 3110 1563 3191; baseline 0.001 -20"><span class='ocrx_word' id='word_1_290' title='bbox 250 3111 397 3189; x_wconf 90' lang='lat' dir='ltr'>pertinere</span> <span class='ocrx_word' id='word_1_291' title='bbox 421 3111 460 3169; x_wconf 88' lang='lat' dir='ltr'>ad</span> <span class='ocrx_word' id='word_1_292' title='bbox 482 3113 580 3188; x_wconf 91' lang='lat' dir='ltr'>ipsam</span> <span class='ocrx_word' id='word_1_293' title='bbox 608 3130 725 3187; x_wconf 89' lang='lat' dir='ltr'>quoque</span> <span class='ocrx_word' id='word_1_294' title='bbox 753 3111 936 3187; x_wconf 88' lang='lat' dir='ltr'>sepulturam</span> <span class='ocrx_word' id='word_1_295' title='bbox 966 3113 1043 3171; x_wconf 91' lang='lat' dir='ltr'>illud</span> <span class='ocrx_word' id='word_1_296' title='bbox 1067 3111 1099 3172; x_wconf 78' lang='grc' dir='ltr'>ἐν</span> <span class='ocrx_word' id='word_1_297' title='bbox 1121 3110 1197 3191; x_wconf 81' lang='grc' dir='ltr'><strong><em>τρισὶ</em></strong></span> <span class='ocrx_word' id='word_1_298' title='bbox 1221 3111 1350 3190; x_wconf 82' lang='grc' dir='ltr'><strong><em>ἕμαιίοις</em></strong></span> <span class='ocrx_word' id='word_1_299' title='bbox 1373 3117 1431 3171; x_wconf 79' lang='grc' dir='ltr'><strong><em>κτλ.</em></strong></span> <span class='ocrx_word' id='word_1_300' title='bbox 1455 3133 1509 3189; x_wconf 91' lang='lat' dir='ltr'>per</span> <span class='ocrx_word' id='word_1_301' title='bbox 1531 3133 1563 3172; x_wconf 89' lang='lat' dir='ltr'>se</span> 
     </span>
     <span class='ocr_line' id='line_1_30' title="bbox 250 3209 1564 3286; baseline 0 -18"><span class='ocrx_word' id='word_1_302' title='bbox 250 3211 350 3286; x_wconf 88' lang='lat' dir='ltr'>ipsum</span> <span class='ocrx_word' id='word_1_303' title='bbox 373 3211 436 3268; x_wconf 86' lang='lat' dir='ltr'>veri</span> <span class='ocrx_word' id='word_1_304' title='bbox 459 3209 557 3268; x_wconf 88' lang='lat' dir='ltr'>simile</span> <span class='ocrx_word' id='word_1_305' title='bbox 580 3227 615 3267; x_wconf 91' lang='lat' dir='ltr'>ao</span> <span class='ocrx_word' id='word_1_306' title='bbox 642 3228 734 3286; x_wconf 89' lang='lat' dir='ltr'>paene</span> <span class='ocrx_word' id='word_1_307' title='bbox 763 3212 993 3269; x_wconf 87' lang='lat' dir='ltr'>consentaneum</span> <span class='ocrx_word' id='word_1_308' title='bbox 1016 3212 1142 3270; x_wconf 86' lang='lat' dir='ltr'>videtur.</span> <span class='ocrx_word' id='word_1_309' title='bbox 1189 3211 1247 3269; x_wconf 82' lang='lat' dir='ltr'>Sed</span> <span class='ocrx_word' id='word_1_310' title='bbox 1275 3210 1437 3269; x_wconf 85' lang='lat' dir='ltr'>difficultas</span> <span class='ocrx_word' id='word_1_311' title='bbox 1460 3213 1564 3270; x_wconf 85' lang='lat' dir='ltr'>existit</span> 
     </span>
     <span class='ocr_line' id='line_1_31' title="bbox 251 3303 1564 3387; baseline 0.001 -21"><span class='ocrx_word' id='word_1_312' title='bbox 251 3328 278 3366; x_wconf 86' lang='lat' dir='ltr'>v.</span> <span class='ocrx_word' id='word_1_313' title='bbox 296 3309 385 3382; x_wconf 90' lang='lat' dir='ltr'>l3sq.</span> <span class='ocrx_word' id='word_1_314' title='bbox 405 3305 460 3387; x_wconf 75' lang='grc' dir='ltr'>τὴν</span> <span class='ocrx_word' id='word_1_315' title='bbox 478 3307 583 3384; x_wconf 78' lang='grc' dir='ltr'><strong><em>κλίνην</em></strong></span> <span class='ocrx_word' id='word_1_316' title='bbox 601 3303 660 3366; x_wconf 80' lang='grc' dir='ltr'>ἀπὸ</span> <span class='ocrx_word' id='word_1_317' title='bbox 678 3314 732 3366; x_wconf 86' lang='grc' dir='ltr'>τοῦ</span> <span class='ocrx_word' id='word_1_318' title='bbox 752 3305 881 3384; x_wconf 77' lang='grc' dir='ltr'><strong><em>σήματος</em></strong></span> <span class='ocrx_word' id='word_1_319' title='bbox 899 3304 948 3366; x_wconf 81' lang='grc' dir='ltr'>καί</span> <span class='ocrx_word' id='word_1_320' title='bbox 967 3305 1002 3367; x_wconf 81' lang='grc' dir='ltr'>τὰ</span> <span class='ocrx_word' id='word_1_321' title='bbox 1021 3307 1173 3386; x_wconf 78' lang='grc' dir='ltr'><strong><em>στρώματα</em></strong></span> <span class='ocrx_word' id='word_1_322' title='bbox 1192 3305 1314 3387; x_wconf 80' lang='grc' dir='ltr'><strong><em>ἐσφίρεν</em></strong></span> <span class='ocrx_word' id='word_1_323' title='bbox 1333 3307 1441 3368; x_wconf 74' lang='grc' dir='ltr'><strong><em>ἐνδόσε.</em></strong></span> <span class='ocrx_word' id='word_1_324' title='bbox 1480 3307 1564 3378; x_wconf 84' lang='lat' dir='ltr'>Quae</span> 
     </span>
     <span class='ocr_line' id='line_1_32' title="bbox 252 3403 1564 3487; baseline 0.002 -23"><span class='ocrx_word' id='word_1_325' title='bbox 252 3406 331 3464; x_wconf 90' lang='lat' dir='ltr'>enim</span> <span class='ocrx_word' id='word_1_326' title='bbox 355 3405 506 3484; x_wconf 80' lang='grc' dir='ltr'><strong><em>στρώματα</em></strong></span> <span class='ocrx_word' id='word_1_327' title='bbox 529 3405 577 3464; x_wconf 94' lang='lat' dir='ltr'>hic</span> <span class='ocrx_word' id='word_1_328' title='bbox 600 3404 802 3482; x_wconf 86' lang='lat' dir='ltr'>intellegenda</span> <span class='ocrx_word' id='word_1_329' title='bbox 825 3403 914 3465; x_wconf 81' lang='lat' dir='ltr'>sunt?</span> <span class='ocrx_word' id='word_1_330' title='bbox 952 3405 1050 3482; x_wconf 84' lang='lat' dir='ltr'>Supra</span> <span class='ocrx_word' id='word_1_331' title='bbox 1073 3407 1266 3466; x_wconf 87' lang='lat' dir='ltr'>nominantur</span> <span class='ocrx_word' id='word_1_332' title='bbox 1288 3415 1416 3487; x_wconf 81' lang='grc' dir='ltr'><strong><em>σιρῶμα,</em></strong></span> <span class='ocrx_word' id='word_1_333' title='bbox 1439 3404 1564 3484; x_wconf 75' lang='grc' dir='ltr'><strong><em>ἔνδυμα,</em></strong></span> 
     </span>
     <span class='ocr_line' id='line_1_33' title="bbox 252 3501 1564 3583; baseline 0.002 -20"><span class='ocrx_word' id='word_1_334' title='bbox 252 3501 409 3582; x_wconf 78' lang='grc' dir='ltr'><strong><em>ἐπίβλημα,</em></strong></span> <span class='ocrx_word' id='word_1_335' title='bbox 433 3522 561 3579; x_wconf 88' lang='lat' dir='ltr'>quorum</span> <span class='ocrx_word' id='word_1_336' title='bbox 583 3505 714 3579; x_wconf 88' lang='lat' dir='ltr'>primum</span> <span class='ocrx_word' id='word_1_337' title='bbox 733 3521 767 3561; x_wconf 87' lang='lat' dir='ltr'>ac</span> <span class='ocrx_word' id='word_1_338' title='bbox 786 3506 909 3561; x_wconf 86' lang='lat' dir='ltr'>tertium</span> <span class='ocrx_word' id='word_1_339' title='bbox 928 3506 1047 3564; x_wconf 91' lang='lat' dir='ltr'>nomine</span> <span class='ocrx_word' id='word_1_340' title='bbox 1071 3504 1222 3583; x_wconf 69' lang='grc' dir='ltr'><strong><em>στρώματα</em></strong></span> <span class='ocrx_word' id='word_1_341' title='bbox 1246 3504 1455 3580; x_wconf 88' lang='lat' dir='ltr'>comprehendi</span> <span class='ocrx_word' id='word_1_342' title='bbox 1477 3523 1564 3582; x_wconf 85' lang='lat' dir='ltr'>posse</span> 
     </span>
     <span class='ocr_line' id='line_1_34' title="bbox 252 3599 1565 3680; baseline 0.003 -22"><span class='ocrx_word' id='word_1_343' title='bbox 252 3603 355 3678; x_wconf 83' lang='lat' dir='ltr'>negari</span> <span class='ocrx_word' id='word_1_344' title='bbox 383 3603 496 3677; x_wconf 86' lang='lat' dir='ltr'>nequit.</span> <span class='ocrx_word' id='word_1_345' title='bbox 542 3599 758 3661; x_wconf 81' lang='lat' dir='ltr'>(loncludomus</span> <span class='ocrx_word' id='word_1_346' title='bbox 785 3603 880 3678; x_wconf 78' lang='lat' dir='ltr'>igitur</span> <span class='ocrx_word' id='word_1_347' title='bbox 907 3605 1039 3662; x_wconf 85' lang='lat' dir='ltr'>mortuos</span> <span class='ocrx_word' id='word_1_348' title='bbox 1067 3603 1131 3662; x_wconf 88' lang='lat' dir='ltr'>sola</span> <span class='ocrx_word' id='word_1_349' title='bbox 1154 3605 1256 3662; x_wconf 87' lang='lat' dir='ltr'>tunica</span> <span class='ocrx_word' id='word_1_350' title='bbox 1279 3603 1403 3662; x_wconf 79' lang='lat' dir='ltr'>vestitos</span> <span class='ocrx_word' id='word_1_351' title='bbox 1431 3603 1565 3680; x_wconf 89' lang='lat' dir='ltr'>sepultos</span> 
     </span>
     <span class='ocr_line' id='line_1_35' title="bbox 254 3691 1564 3780; baseline 0.002 -22"><span class='ocrx_word' id='word_1_352' title='bbox 254 3697 338 3758; x_wconf 85' lang='lat' dir='ltr'>esse?</span> <span class='ocrx_word' id='word_1_353' title='bbox 369 3698 464 3758; x_wconf 87' lang='lat' dir='ltr'>Valde</span> <span class='ocrx_word' id='word_1_354' title='bbox 484 3699 587 3758; x_wconf 88' lang='lat' dir='ltr'>dubito</span> <span class='ocrx_word' id='word_1_355' title='bbox 596 3691 634 3780; x_wconf 80' lang='lat'>¹⁶)</span> <span class='ocrx_word' id='word_1_356' title='bbox 654 3701 684 3758; x_wconf 92' lang='lat' dir='ltr'>et</span> <span class='ocrx_word' id='word_1_357' title='bbox 705 3703 829 3775; x_wconf 90' lang='lat' dir='ltr'>possunt</span> <span class='ocrx_word' id='word_1_358' title='bbox 849 3702 927 3758; x_wconf 87' lang='lat' dir='ltr'>certe</span> <span class='ocrx_word' id='word_1_359' title='bbox 947 3718 981 3758; x_wconf 89' lang='lat' dir='ltr'>ea</span> <span class='ocrx_word' id='word_1_360' title='bbox 1000 3699 1163 3778; x_wconf 71' lang='grc' dir='ltr'><strong><em>στρώματα,</em></strong></span> <span class='ocrx_word' id='word_1_361' title='bbox 1187 3720 1263 3776; x_wconf 87' lang='lat' dir='ltr'>quae</span> <span class='ocrx_word' id='word_1_362' title='bbox 1282 3721 1309 3760; x_wconf 84' lang='lat' dir='ltr'>r.</span> <span class='ocrx_word' id='word_1_363' title='bbox 1327 3703 1367 3759; x_wconf 89' lang='grc'>14</span> <span class='ocrx_word' id='word_1_364' title='bbox 1387 3719 1564 3760; x_wconf 83' lang='lat' dir='ltr'>commemo·</span> 
     </span>
    </p>
   </div>
   <div class='ocr_carea' id='block_1_5' title="bbox 252 3836 467 3847">
    <p class='ocr_par' dir='ltr' id='par_1_5' title="bbox 252 3836 467 3847">
     <span class='ocr_line' id='line_1_36' title="bbox 252 3836 467 3847; baseline -0.009 0"><span class='ocrx_word' id='word_1_365' title='bbox 252 3836 467 3847; x_wconf 74' lang='lat' dir='ltr'>—u—--—-——</span> 
     </span>
    </p>
   </div>
   <div class='ocr_carea' id='block_1_6' title="bbox 253 3920 1567 4955">
    <p class='ocr_par' dir='ltr' id='par_1_6' title="bbox 253 3920 1564 4150">
     <span class='ocr_line' id='line_1_37' title="bbox 325 3920 1563 3994; baseline 0.001 -19"><span class='ocrx_word' id='word_1_366' title='bbox 325 3925 369 3991; x_wconf 77' lang='lat'>12)</span> <span class='ocrx_word' id='word_1_367' title='bbox 397 3925 563 3992; x_wconf 86' lang='lat' dir='ltr'>comparant</span> <span class='ocrx_word' id='word_1_368' title='bbox 589 3921 663 3976; x_wconf 91' lang='lat' dir='ltr'>Plut.</span> <span class='ocrx_word' id='word_1_369' title='bbox 688 3921 743 3976; x_wconf 82' lang='lat' dir='ltr'>Sol.</span> <span class='ocrx_word' id='word_1_370' title='bbox 763 3928 795 3976; x_wconf 77' lang='lat'>21</span> <span class='ocrx_word' id='word_1_371' title='bbox 831 3920 969 3992; x_wconf 77' lang='grc' dir='ltr'><strong><em>ἐναγίζειν</em></strong></span> <span class='ocrx_word' id='word_1_372' title='bbox 993 3924 1024 3977; x_wconf 78' lang='grc' dir='ltr'>δὲ</span> <span class='ocrx_word' id='word_1_373' title='bbox 1052 3925 1122 3994; x_wconf 82' lang='grc' dir='ltr'><strong><em>βοῦν</em></strong></span> <span class='ocrx_word' id='word_1_374' title='bbox 1150 3925 1201 3978; x_wconf 78' lang='grc' dir='ltr'>οὐκ</span> <span class='ocrx_word' id='word_1_375' title='bbox 1230 3925 1331 3990; x_wconf 79' lang='grc' dir='ltr'><strong><em>είασεν,</em></strong></span> <span class='ocrx_word' id='word_1_376' title='bbox 1359 3941 1460 3994; x_wconf 89' lang='lat' dir='ltr'>parum</span> <span class='ocrx_word' id='word_1_377' title='bbox 1488 3925 1563 3994; x_wconf 82' lang='lat' dir='ltr'>apte.</span> 
     </span>
     <span class='ocr_line' id='line_1_38' title="bbox 254 3999 1564 4072; baseline 0.004 -18"><span class='ocrx_word' id='word_1_378' title='bbox 254 3999 371 4055; x_wconf 88' lang='lat' dir='ltr'>Minime</span> <span class='ocrx_word' id='word_1_379' title='bbox 390 4002 465 4056; x_wconf 90' lang='lat' dir='ltr'>enim</span> <span class='ocrx_word' id='word_1_380' title='bbox 483 4002 536 4056; x_wconf 89' lang='lat' dir='ltr'>hoc</span> <span class='ocrx_word' id='word_1_381' title='bbox 550 4004 702 4072; x_wconf 88' lang='lat' dir='ltr'>praecepto</span> <span class='ocrx_word' id='word_1_382' title='bbox 722 4001 786 4056; x_wconf 82' lang='lat' dir='ltr'>Solo</span> <span class='ocrx_word' id='word_1_383' title='bbox 806 4003 919 4057; x_wconf 91' lang='lat' dir='ltr'>omnino</span> <span class='ocrx_word' id='word_1_384' title='bbox 938 4003 1045 4056; x_wconf 87' lang='lat' dir='ltr'>hostias</span> <span class='ocrx_word' id='word_1_385' title='bbox 1063 4003 1137 4058; x_wconf 90' lang='lat' dir='ltr'>ullas</span> <span class='ocrx_word' id='word_1_386' title='bbox 1156 4005 1275 4059; x_wconf 87' lang='lat' dir='ltr'>mactari</span> <span class='ocrx_word' id='word_1_387' title='bbox 1294 4005 1392 4071; x_wconf 89' lang='lat' dir='ltr'>vetuit,</span> <span class='ocrx_word' id='word_1_388' title='bbox 1411 4004 1461 4058; x_wconf 86' lang='lat' dir='ltr'>aed</span> <span class='ocrx_word' id='word_1_389' title='bbox 1479 4003 1564 4059; x_wconf 86' lang='lat' dir='ltr'>boves</span> 
     </span>
     <span class='ocr_line' id='line_1_39' title="bbox 253 4079 534 4150; baseline 0.007 -16"><span class='ocrx_word' id='word_1_390' title='bbox 253 4079 362 4135; x_wconf 80' lang='lat' dir='ltr'>inferiis</span> <span class='ocrx_word' id='word_1_391' title='bbox 381 4081 534 4150; x_wconf 91' lang='lat' dir='ltr'>prohibuit.</span> 
     </span>
    </p>

    <p class='ocr_par' dir='ltr' id='par_1_7' title="bbox 327 4161 1527 4235">
     <span class='ocr_line' id='line_1_40' title="bbox 327 4161 1527 4235; baseline 0.003 -21"><span class='ocrx_word' id='word_1_392' title='bbox 327 4163 370 4231; x_wconf 84' lang='grc'>13)</span> <span class='ocrx_word' id='word_1_393' title='bbox 399 4161 434 4215; x_wconf 91' lang='lat' dir='ltr'>cf.</span> <span class='ocrx_word' id='word_1_394' title='bbox 450 4178 523 4231; x_wconf 86' lang='lat' dir='ltr'>quae</span> <span class='ocrx_word' id='word_1_395' title='bbox 541 4163 576 4217; x_wconf 93' lang='lat' dir='ltr'>de</span> <span class='ocrx_word' id='word_1_396' title='bbox 590 4163 726 4217; x_wconf 87' lang='lat' dir='ltr'>Draconis</span> <span class='ocrx_word' id='word_1_397' title='bbox 745 4163 816 4233; x_wconf 79' lang='lat' dir='ltr'>legis</span> <span class='ocrx_word' id='word_1_398' title='bbox 835 4162 942 4217; x_wconf 87' lang='lat' dir='ltr'>latione</span> <span class='ocrx_word' id='word_1_399' title='bbox 961 4163 1080 4216; x_wconf 87' lang='lat' dir='ltr'>disserui</span> <span class='ocrx_word' id='word_1_400' title='bbox 1099 4165 1198 4218; x_wconf 73' lang='lat' dir='ltr'>Rheba</span> <span class='ocrx_word' id='word_1_401' title='bbox 1216 4164 1290 4218; x_wconf 79' lang='lat' dir='ltr'>Mas.</span> <span class='ocrx_word' id='word_1_402' title='bbox 1306 4163 1368 4217; x_wconf 83' lang='lat' dir='ltr'>LIV</span> <span class='ocrx_word' id='word_1_403' title='bbox 1385 4182 1413 4235; x_wconf 90' lang='lat' dir='ltr'>p.</span> <span class='ocrx_word' id='word_1_404' title='bbox 1428 4169 1527 4231; x_wconf 80' lang='lat' dir='ltr'>341sq.</span> 
     </span>
    </p>

    <p class='ocr_par' dir='ltr' id='par_1_8' title="bbox 255 4241 1567 4794">
     <span class='ocr_line' id='line_1_41' title="bbox 328 4241 1564 4313; baseline 0.002 -18"><span class='ocrx_word' id='word_1_405' title='bbox 328 4243 372 4311; x_wconf 82' lang='lat'>14)</span> <span class='ocrx_word' id='word_1_406' title='bbox 399 4241 522 4296; x_wconf 80' lang='grc' dir='ltr'><strong><em>θάπτειν</em></strong></span> <span class='ocrx_word' id='word_1_407' title='bbox 541 4242 615 4298; x_wconf 90' lang='lat' dir='ltr'>enim</span> <span class='ocrx_word' id='word_1_408' title='bbox 634 4243 720 4298; x_wconf 89' lang='lat' dir='ltr'>etiam</span> <span class='ocrx_word' id='word_1_409' title='bbox 740 4244 774 4297; x_wconf 93' lang='lat' dir='ltr'>de</span> <span class='ocrx_word' id='word_1_410' title='bbox 794 4244 943 4297; x_wconf 86' lang='lat' dir='ltr'>cremando</span> <span class='ocrx_word' id='word_1_411' title='bbox 963 4259 1077 4313; x_wconf 89' lang='lat' dir='ltr'>corpore</span> <span class='ocrx_word' id='word_1_412' title='bbox 1099 4245 1155 4298; x_wconf 89' lang='lat' dir='ltr'>dici</span> <span class='ocrx_word' id='word_1_413' title='bbox 1175 4243 1221 4297; x_wconf 86' lang='lat' dir='ltr'>vix</span> <span class='ocrx_word' id='word_1_414' title='bbox 1240 4245 1377 4312; x_wconf 90' lang='lat' dir='ltr'>estquod</span> <span class='ocrx_word' id='word_1_415' title='bbox 1396 4245 1564 4298; x_wconf 85' lang='lat' dir='ltr'>admoneam</span> 
     </span>
     <span class='ocr_line' id='line_1_42' title="bbox 259 4319 1564 4394; baseline 0.003 -20"><span class='ocrx_word' id='word_1_416' title='bbox 259 4319 348 4389; x_wconf 81' lang='lat' dir='ltr'>(Hom.</span> <span class='ocrx_word' id='word_1_417' title='bbox 366 4325 451 4389; x_wconf 80' lang='grc' dir='ltr'>ΨΉ,</span> <span class='ocrx_word' id='word_1_418' title='bbox 470 4321 526 4375; x_wconf 85' lang='lat' dir='ltr'>vid.</span> <span class='ocrx_word' id='word_1_419' title='bbox 546 4323 633 4376; x_wconf 89' lang='lat' dir='ltr'>etiam</span> <span class='ocrx_word' id='word_1_420' title='bbox 651 4322 952 4393; x_wconf 85' lang='lat' dir='ltr'>Lipsius-Schoemaun</span> <span class='ocrx_word' id='word_1_421' title='bbox 974 4323 1379 4394; x_wconf 71' lang='lat' dir='ltr'>Gr.Azt.11p.·sesnor.u).</span> <span class='ocrx_word' id='word_1_422' title='bbox 1417 4324 1487 4378; x_wconf 83' lang='lat' dir='ltr'>Uter</span> <span class='ocrx_word' id='word_1_423' title='bbox 1505 4341 1564 4378; x_wconf 89' lang='lat' dir='ltr'>mos</span> 
     </span>
     <span class='ocr_line' id='line_1_43' title="bbox 256 4400 1564 4470; baseline 0.004 -17"><span class='ocrx_word' id='word_1_424' title='bbox 256 4401 333 4469; x_wconf 88' lang='lat' dir='ltr'>apud</span> <span class='ocrx_word' id='word_1_425' title='bbox 347 4400 415 4456; x_wconf 84' lang='lat' dir='ltr'>Ceos</span> <span class='ocrx_word' id='word_1_426' title='bbox 431 4402 558 4470; x_wconf 86' lang='lat' dir='ltr'>valuerit,</span> <span class='ocrx_word' id='word_1_427' title='bbox 577 4403 707 4469; x_wconf 68' lang='lat' dir='ltr'>dubium</span> <span class='ocrx_word' id='word_1_428' title='bbox 726 4419 817 4457; x_wconf 86' lang='lat' dir='ltr'>mores</span> <span class='ocrx_word' id='word_1_429' title='bbox 833 4403 1002 4457; x_wconf 86' lang='lat' dir='ltr'>Graecorum</span> <span class='ocrx_word' id='word_1_430' title='bbox 1021 4405 1050 4457; x_wconf 90' lang='lat' dir='ltr'>in</span> <span class='ocrx_word' id='word_1_431' title='bbox 1069 4403 1123 4458; x_wconf 87' lang='lat' dir='ltr'>hac</span> <span class='ocrx_word' id='word_1_432' title='bbox 1142 4421 1172 4458; x_wconf 87' lang='lat' dir='ltr'>re</span> <span class='ocrx_word' id='word_1_433' title='bbox 1191 4405 1345 4458; x_wconf 87' lang='lat' dir='ltr'>secundum</span> <span class='ocrx_word' id='word_1_434' title='bbox 1362 4405 1426 4459; x_wconf 90' lang='lat' dir='ltr'>loca</span> <span class='ocrx_word' id='word_1_435' title='bbox 1445 4421 1477 4460; x_wconf 84' lang='lat' dir='ltr'>ac</span> <span class='ocrx_word' id='word_1_436' title='bbox 1493 4410 1564 4460; x_wconf 81' lang='lat' dir='ltr'>tenr-</span> 
     </span>
     <span class='ocr_line' id='line_1_44' title="bbox 256 4482 1565 4554; baseline 0.005 -20"><span class='ocrx_word' id='word_1_437' title='bbox 256 4496 326 4549; x_wconf 86' lang='lat' dir='ltr'>pora</span> <span class='ocrx_word' id='word_1_438' title='bbox 348 4482 430 4536; x_wconf 86' lang='lat' dir='ltr'>valde</span> <span class='ocrx_word' id='word_1_439' title='bbox 449 4484 571 4538; x_wconf 84' lang='lat' dir='ltr'>variasse</span> <span class='ocrx_word' id='word_1_440' title='bbox 596 4487 720 4549; x_wconf 82' lang='lat' dir='ltr'>constat,</span> <span class='ocrx_word' id='word_1_441' title='bbox 743 4485 821 4538; x_wconf 82' lang='lat' dir='ltr'>velut</span> <span class='ocrx_word' id='word_1_442' title='bbox 840 4483 1008 4538; x_wconf 84' lang='lat' dir='ltr'>Clazomenii</span> <span class='ocrx_word' id='word_1_443' title='bbox 1033 4484 1226 4539; x_wconf 89' lang='lat' dir='ltr'>humationem</span> <span class='ocrx_word' id='word_1_444' title='bbox 1248 4484 1416 4554; x_wconf 89' lang='lat' dir='ltr'>praetulisse</span> <span class='ocrx_word' id='word_1_445' title='bbox 1434 4485 1565 4540; x_wconf 84' lang='lat' dir='ltr'>videntur</span> 
     </span>
     <span class='ocr_line' id='line_1_45' title="bbox 255 4559 1567 4634; baseline 0.007 -23"><span class='ocrx_word' id='word_1_446' title='bbox 255 4559 374 4628; x_wconf 76' lang='lat' dir='ltr'>(Bdhlau</span> <span class='ocrx_word' id='word_1_447' title='bbox 392 4565 453 4618; x_wconf 77' lang='lat' dir='ltr'>Aac</span> <span class='ocrx_word' id='word_1_448' title='bbox 471 4565 526 4618; x_wconf 82' lang='lat' dir='ltr'>ion.</span> <span class='ocrx_word' id='word_1_449' title='bbox 541 4583 569 4618; x_wconf 87' lang='grc' dir='ltr'>ιι.</span> <span class='ocrx_word' id='word_1_450' title='bbox 583 4565 643 4620; x_wconf 74' lang='lat' dir='ltr'>icat.</span> <span class='ocrx_word' id='word_1_451' title='bbox 659 4565 831 4632; x_wconf 79' lang='lat' dir='ltr'>Nekropolea</span> <span class='ocrx_word' id='word_1_452' title='bbox 845 4582 872 4633; x_wconf 91' lang='lat' dir='ltr'>p.</span> <span class='ocrx_word' id='word_1_453' title='bbox 884 4565 1008 4634; x_wconf 78' lang='lat'>12-13),</span> <span class='ocrx_word' id='word_1_454' title='bbox 1028 4564 1147 4618; x_wconf 85' lang='lat' dir='ltr'>Theraei</span> <span class='ocrx_word' id='word_1_455' title='bbox 1162 4565 1362 4619; x_wconf 85' lang='lat' dir='ltr'>cremationem</span> <span class='ocrx_word' id='word_1_456' title='bbox 1376 4564 1471 4634; x_wconf 82' lang='lat' dir='ltr'>(Pfuhl</span> <span class='ocrx_word' id='word_1_457' title='bbox 1484 4567 1567 4620; x_wconf 80' lang='lat' dir='ltr'>MAI</span> 
     </span>
     <span class='ocr_line' id='line_1_46' title="bbox 256 4638 1564 4715; baseline 0.005 -24"><span class='ocrx_word' id='word_1_458' title='bbox 256 4638 371 4694; x_wconf 79' lang='lat' dir='ltr'>XXVIII</span> <span class='ocrx_word' id='word_1_459' title='bbox 386 4643 479 4715; x_wconf 81' lang='lat'>[1903]</span> <span class='ocrx_word' id='word_1_460' title='bbox 499 4661 525 4712; x_wconf 94' lang='lat' dir='ltr'>p.</span> <span class='ocrx_word' id='word_1_461' title='bbox 541 4648 659 4715; x_wconf 80' lang='lat' dir='ltr'>281sq.).</span> <span class='ocrx_word' id='word_1_462' title='bbox 694 4643 823 4698; x_wconf 82' lang='lat' dir='ltr'>Ceterum</span> <span class='ocrx_word' id='word_1_463' title='bbox 843 4659 942 4698; x_wconf 92' lang='lat' dir='ltr'>moneo</span> <span class='ocrx_word' id='word_1_464' title='bbox 960 4643 1037 4713; x_wconf 89' lang='lat' dir='ltr'>ipsos</span> <span class='ocrx_word' id='word_1_465' title='bbox 1056 4661 1167 4713; x_wconf 88' lang='lat' dir='ltr'>quoque</span> <span class='ocrx_word' id='word_1_466' title='bbox 1186 4645 1293 4699; x_wconf 88' lang='lat' dir='ltr'>cineres</span> <span class='ocrx_word' id='word_1_467' title='bbox 1307 4646 1481 4699; x_wconf 88' lang='lat' dir='ltr'>vestimentis</span> <span class='ocrx_word' id='word_1_468' title='bbox 1500 4661 1564 4700; x_wconf 89' lang='lat' dir='ltr'>con-</span> 
     </span>
     <span class='ocr_line' id='line_1_47' title="bbox 260 4717 1150 4794; baseline 0.009 -24"><span class='ocrx_word' id='word_1_469' title='bbox 260 4717 334 4773; x_wconf 89' lang='lat' dir='ltr'>ditos</span> <span class='ocrx_word' id='word_1_470' title='bbox 353 4737 422 4788; x_wconf 89' lang='lat' dir='ltr'>esse,</span> <span class='ocrx_word' id='word_1_471' title='bbox 441 4723 476 4777; x_wconf 85' lang='lat' dir='ltr'>of.</span> <span class='ocrx_word' id='word_1_472' title='bbox 490 4723 570 4778; x_wconf 88' lang='lat' dir='ltr'>Hom.</span> <span class='ocrx_word' id='word_1_473' title='bbox 586 4728 612 4778; x_wconf 78' lang='lat' dir='ltr'>a</span> <span class='ocrx_word' id='word_1_474' title='bbox 633 4730 759 4793; x_wconf 75' lang='lat' dir='ltr'>795sqq,</span> <span class='ocrx_word' id='word_1_475' title='bbox 777 4724 863 4777; x_wconf 87' lang='lat' dir='ltr'>Pfuhl</span> <span class='ocrx_word' id='word_1_476' title='bbox 883 4725 968 4778; x_wconf 87' lang='lat' dir='ltr'>MAI</span> <span class='ocrx_word' id='word_1_477' title='bbox 983 4726 999 4778; x_wconf 84' lang='grc' dir='ltr'>ί.</span> <span class='ocrx_word' id='word_1_478' title='bbox 1010 4741 1031 4779; x_wconf 89' lang='lat' dir='ltr'>c.</span> <span class='ocrx_word' id='word_1_479' title='bbox 1046 4743 1073 4794; x_wconf 92' lang='lat' dir='ltr'>p.</span> <span class='ocrx_word' id='word_1_480' title='bbox 1089 4729 1150 4778; x_wconf 79' lang='lat'>259.</span> 
     </span>
    </p>

    <p class='ocr_par' dir='ltr' id='par_1_9' title="bbox 256 4803 1564 4955">
     <span class='ocr_line' id='line_1_48' title="bbox 331 4803 1564 4875; baseline 0.006 -22"><span class='ocrx_word' id='word_1_481' title='bbox 331 4803 374 4868; x_wconf 79' lang='lat' dir='ltr'>lo)</span> <span class='ocrx_word' id='word_1_482' title='bbox 402 4817 572 4872; x_wconf 82' lang='lat' dir='ltr'>quamquem</span> <span class='ocrx_word' id='word_1_483' title='bbox 595 4804 745 4875; x_wconf 80' lang='lat' dir='ltr'>vestigium</span> <span class='ocrx_word' id='word_1_484' title='bbox 768 4805 863 4870; x_wconf 89' lang='lat' dir='ltr'>moris,</span> <span class='ocrx_word' id='word_1_485' title='bbox 886 4821 941 4873; x_wconf 90' lang='lat' dir='ltr'>quo</span> <span class='ocrx_word' id='word_1_486' title='bbox 963 4805 1068 4858; x_wconf 89' lang='lat' dir='ltr'>mortui</span> <span class='ocrx_word' id='word_1_487' title='bbox 1087 4821 1200 4874; x_wconf 87' lang='lat' dir='ltr'>corpus,</span> <span class='ocrx_word' id='word_1_488' title='bbox 1226 4808 1379 4874; x_wconf 85' lang='lat' dir='ltr'>antequam</span> <span class='ocrx_word' id='word_1_489' title='bbox 1401 4806 1564 4860; x_wconf 87' lang='lat' dir='ltr'>humaretur</span> 
     </span>
     <span class='ocr_line' id='line_1_49' title="bbox 256 4877 1563 4955; baseline 0.007 -25"><span class='ocrx_word' id='word_1_490' title='bbox 256 4877 300 4930; x_wconf 87' lang='lat' dir='ltr'>vel</span> <span class='ocrx_word' id='word_1_491' title='bbox 315 4885 491 4950; x_wconf 83' lang='lat' dir='ltr'>cremaretur,</span> <span class='ocrx_word' id='word_1_492' title='bbox 507 4884 663 4940; x_wconf 81' lang='lat' dir='ltr'>velamento</span> <span class='ocrx_word' id='word_1_493' title='bbox 677 4885 880 4955; x_wconf 87' lang='lat' dir='ltr'>explicabatur,</span> <span class='ocrx_word' id='word_1_494' title='bbox 895 4885 989 4940; x_wconf 89' lang='lat' dir='ltr'>nescio</span> <span class='ocrx_word' id='word_1_495' title='bbox 1005 4901 1041 4939; x_wconf 86' lang='lat' dir='ltr'>an</span> <span class='ocrx_word' id='word_1_496' title='bbox 1056 4885 1262 4954; x_wconf 88' lang='lat' dir='ltr'>deprendamus</span> <span class='ocrx_word' id='word_1_497' title='bbox 1277 4888 1473 4955; x_wconf 86' lang='lat' dir='ltr'>comparantes</span> <span class='ocrx_word' id='word_1_498' title='bbox 1483 4885 1563 4940; x_wconf 89' lang='lat' dir='ltr'>Hom.</span> 
     </span>
    </p>
   </div>
   <div class='ocr_carea' id='block_1_7' title="bbox 0 0 1731 5460">
    <p class='ocr_par' dir='ltr' id='par_1_10' title="bbox 0 0 1731 5460">
     <span class='ocr_line' id='line_1_50' title="bbox 0 0 1731 5460; baseline 0 0"><span class='ocrx_word' id='word_1_499' title='bbox 0 0 1731 5460; x_wconf 95' lang='lat' dir='ltr'> </span> 
     </span>
    </p>
   </div>
  </div>
 </body>
</html>
