3426 5462
275 280 318 345 10
789 281 904 337 Lusus
923 281 1063 337 SAORAE

273 451 393 511 heroem
426 451 611 510 Eleusiuiurn
639 452 758 510 nomine
791 449 917 531 Δύλιχον
949 443 1158 533 consturct¹⁹)‚
1185 453 1222 511 ci.
1247 453 1369 513 Homer.
1392 453 1493 530 hymn.
1518 451 1582 512 (λον.

276 551 338 609 153
351 567 414 626 sqq'
487 599 562 680 ἠμὲν
587 600 787 682 Τριπτολέμου
810 601 993 681 πυκιμήδεος
1015 598 1069 681 ἠδὲ
1092 601 1222 664 Διόκλου

487 697 540 778 ἠδὲ
564 699 748 773 Πολυξείνου
771 698 821 761 καί
843 698 992 781 ἀγήνορος
1015 699 1188 780 Εὐμόλποιο

486 796 546 858 καί
568 799 722 878 Δολίχου
745 797 795 859 καὶ
817 796 927 881 πατρὸς
950 795 1104 878 ἀμύμονος
1127 795 1279 880 ἡμετέροιο

273 928 303 983 et
325 926 358 983 in
380 926 478 1002 ignoti
500 927 607 1000 poetae
630 944 718 984 versu
741 942 788 1001 ap.
812 924 972 984 Herodian.
992 924 1023 983 ll
1045 945 1074 1002 p.
1095 925 1157 984 311
1182 923 1230 984 In:

486 1036 648 1118 Εὔμολπος
670 1038 794 1119 Δόλιχός
817 1061 846 1100 τε
868 1037 919 1100 καί
936 1033 1109 1101 Ἱπποθόων
1131 1039 1313 1121 μεγάθυμος.

272 1164 402 1224 insulam
425 1165 551 1241 denique
574 1164 742 1244 Δουλίχιον,
770 1184 846 1242 quae
870 1166 961 1224 etiarn
984 1165 1094 1244 Δολίχα
1117 1165 1292 1242 vocabatur,
1316 1185 1334 1224 a
1358 1166 1497 1226 Dulichio
1519 1167 1582 1226 lilio

273 1263 449 1339 Triptolemi
481 1281 589 1321 nomen
620 1263 737 1322 duxisse
771 1263 871 1339 Steph.
895 1263 965 1339 Byr.
990 1282 1012 1322 s.
1031 1283 1059 1322 v.
1086 1262 1246 1342 Δουλίχιον
1278 1265 1414 1324 testetur.
1467 1262 1580 1336 Quibus

272 1361 451 1421 testimoniis
485 1359 679 1420 consideratis
712 1361 848 1438 equidem
885 1361 922 1421 de
959 1363 1132 1438 cognomine
1164 1361 1252 1421 valde
1285 1361 1389 1422 dubito
1399 1354 1439 1444 ²⁰)
1472 1381 1520 1438 ac,
1556 1361 1583 1422 si

271 1460 360 1518 modo
388 1458 446 1517 fuit
473 1461 616 1535 seriptum
640 1453 798 1538 Δ[ολί]χοι,
825 1461 925 1536 ipsum
950 1458 1052 1537 potius
1080 1459 1200 1518 heroem
1227 1459 1287 1519 dici
1313 1459 1483 1536 putaverim
1513 1479 1580 1521 con·

271 1559 407 1616 iunctum
429 1557 477 1616 hio
500 1576 567 1616 cum
586 1556 714 1618 Plutone
738 1558 816 1617 sicut
838 1575 928 1633 supra
947 1575 1015 1616 oum
1029 1557 1217 1638 *lhiptolemo
1236 1557 1479 1619 Telesidromum.
1527 1557 1582 1618 Oui

272 1656 513 1732 interpretationi
531 1655 562 1714 id
581 1675 672 1714 unum
696 1655 804 1730 obstet,
828 1655 907 1731 quod
929 1655 1097 1715 trinitatem
1118 1655 1204 1714 illam
1223 1655 1358 1716 Plutonis
1378 1654 1491 1717 Cereris
1510 1656 1581 1717 Pro·

272 1756 409 1830 serpinnc
426 1752 517 1812 inviti
536 1753 711 1828 amittimus,
730 1759 762 1813 et
778 1753 833 1813 hac
852 1753 969 1813 ratione
987 1757 1169 1813 commotum
1187 1754 1336 1814 Ptottium
1354 1756 1453 1830 ipsum
1467 1755 1582 1814 nullam
1694 1827 1695 1844 ¹

272 1851 335 1912 eius
357 1852 504 1910 rationem
527 1851 668 1910 habuisse
691 1853 832 1928 suspicor.
870 1852 969 1930 Digna
992 1857 1093 1911 tamen
1111 1852 1186 1911 mihi
1204 1852 1323 1912 videtur
1342 1872 1418 1930 quae
1440 1851 1581 1913 delibere-

272 1954 331 2026 tur,
353 1949 530 2026 praesentim
553 1968 620 2008 cum
643 1948 801 2010 Plutonem
824 1951 922 2027 ipsum
946 1949 1121 2029 cognomine
1142 1948 1269 2031 Δύλιχον
1292 1951 1406 2010 cultum
1430 1969 1492 2011 esse
1516 1970 1582 2010 mea

273 2046 391 2124 quidem
419 2048 568 2107 sententia
595 2049 659 2107 veri
685 2067 744 2107 non
772 2049 817 2108 ita
843 2047 941 2108 simile
969 2048 1017 2108 sit.
1067 2047 1178 2124 Utique
1206 2051 1241 2107 ut
1267 2067 1348 2108 nunc
1374 2067 1422 2108 res
1450 2052 1509 2124 est,
1538 2049 1581 2107 la-

274 2165 382 2206 cuuem
405 2146 437 2204 in
460 2147 544 2204 textu
567 2145 733 2222 relinquere
757 2145 851 2206 satius
874 2146 952 2205 duxi.

361 2245 494 2304 Deorum
517 2244 670 2304 nominum
693 2244 783 2304 series
806 2243 884 2304 hunc
901 2245 934 2303 in
952 2244 1074 2304 modum
1091 2247 1233 2305 restituta
1251 2244 1290 2304 ad
1308 2244 1465 2304 historiam
1483 2245 1581 2307 cultus

272 2342 421 2403 Eleusinii
439 2342 618 2420 gravissima
636 2346 694 2418 est3
713 2347 774 2402 tres
793 2343 872 2403 euim
890 2341 959 2401 illos
977 2341 1047 2402 deos
1066 2343 1187 2419 inferos,
1209 2341 1295 2421 Θεύν,
1312 2341 1400 2420 Θεύν,
1414 2339 1581 2422 Εὐβουλέα,

272 2443 325 2518 qui
348 2461 372 2501 ο.
392 2460 418 2500 a.
439 2442 504 2500 420
527 2439 558 2498 in
581 2439 699 2502 decreto
722 2461 750 2500 n.
771 2443 790 2500 4
815 2459 882 2500 cum
904 2441 1114 2516 mysteriorum
1137 2441 1183 2501 dis
1207 2441 1442 2519 coniunguntur,
1471 2441 1527 2500 hac
1548 2443 1581 2500 in
1696 2487 1697 2504 2

270 2541 336 2618 lege
364 2539 464 2599 deesse
491 2538 626 2598 videmus
661 2541 722 2598 sire
756 2539 844 2615 quod,
876 2542 912 2597 ut
943 2557 999 2616 ego
1029 2539 1226 2615 conieceram‚
1258 2541 1323 2597 tum
1352 2538 1484 2598 nondum
1514 2556 1580 2598 oum

271 2639 482 2714 mysteriorum
505 2637 588 2696 cultu
612 2637 784 2697 coaluerant
807 2639 870 2696 sire
894 2638 974 2713 quia,
997 2640 1032 2696 ut
1049 2636 1138 2697 Prott
1160 2639 1284 2712 censuit,
1306 2637 1527 2697 Eleusiniorum
1550 2639 1581 2696 et

270 2737 481 2811 mysteriorum
504 2735 600 2794 cultus
623 2734 756 2796 diversus
781 2737 852 2794 erat.
899 2734 958 2794 Sed
980 2737 1077 2794 totam
1105 2735 1182 2794 hano
1205 2735 1411 2812 quaestionem
1439 2734 1580 2794 difficilli-

270 2853 350 2893 mam
378 2851 454 2910 quae
482 2833 561 2892 ratio
588 2834 668 2891 inter
695 2831 863 2892 Eubuleum
891 2835 922 2892 et
948 2806 1118 2908 Plutonem,
1151 2852 1229 2909 quae
1257 2834 1348 2892 fuerit
1375 2835 1456 2892 inter
1482 2833 1580 2892 Deum
1697 2879 1698 2916 3

271 2932 424 3007 Deamque
447 2933 478 2990 et
499 2929 660 2990 Plutonem
683 2929 845 3007 Corenque,
873 2947 933 2990 non
960 2930 1048 2990 huius
1076 2931 1135 2990 loci
1157 2933 1203 2992 est
1231 2930 1392 3007 explicare,
1423 2931 1479 2990 hoo
1506 2933 1581 2990 setis
1697 2929 1698 2940 ¹

271 3029 365 3089 habeo
398 3032 542 3088 statuere:
575 3029 643 3088 inde
676 3029 757 3104 quod
788 3032 849 3088 tres
880 3028 927 3088 illi
959 3027 991 3086 di
1022 3031 1054 3087 in
1085 3030 1141 3089 hac
1173 3028 1238 3106 lege
1268 3047 1329 3087 una
1361 3027 1581 3101 desiderantur,

271 3127 441 3188 confirmari
463 3127 631 3186 trinitatem
654 3127 805 3204 quandam
827 3128 864 3186 iis
889 3127 1083 3186 constitutam
1107 3119 1215 3208 esse²¹)
1240 3127 1388 3186 adunam
1406 3127 1581 3205 religionem

272 3226 477 3302 pertinentem.

361 3323 406 3384 De
429 3323 573 3384 sacrificio
596 3323 723 3399 denique
742 3323 821 3399 quod
839 3325 964 3382 vocatur
986 3320 1100 3401 τρίπον
1119 3320 1265 3401 βούαρχος
1284 3323 1320 3382 ci.
1340 3314 1523 3403 Eusteth.'¹)
1542 3321 1580 3381 ad

273 3425 288 3480 λ
310 3423 497 3482 130-131:
520 3417 540 3498 ἡ
564 3420 685 3498 τοιαύτη
703 3419 797 3480 θυσία
816 3413 980 3502 τρίττυαη)
999 3416 1109 3498 λέγεται
1126 3417 1207 3496 παρὰ
1225 3423 1285 3492 τοῖς
1304 3421 1440 3492 παλαιοῖς
1459 3419 1489 3479 οἳ
1505 3419 1553 3499 τρί
1568 3455 1581 3464 -

273 3541 348 3579 τυαν
370 3517 470 3600 ἔλεγον
493 3517 548 3597 τὴν
570 3517 603 3580 tu
625 3527 713 3598 τριῶν
736 3512 816 3602 ζῴοιν
833 3518 946 3579 θυσίαν
965 3509 1031 3578 οἷον
1054 3517 1108 3578 δύο
1132 3516 1235 3596 μήλων
1257 3515 1306 3578 ναί
1329 3515 1414 3596 βοός,
1437 3513 1477 3588 ὡς
1497 3509 1581 3577 Ἐπί-

271 3639 397 3698 χαρμος,
420 3614 440 3696 ἢ
464 3616 536 3696 βοὸς
562 3613 612 3678 καί
640 3615 724 3697 αἰγὸς
750 3613 800 3676 καὶ
827 3615 978 3698 προβάτου
1001 3613 1022 3694 ἢ
1045 3614 1160 3696 κύπρου
1188 3613 1238 3676 καί
1265 3623 1351 3694 κριοῦ
1378 3612 1428 3675 καί
1458 3613 1580 3695 ταύρου,

272 3718 324 3793 qui
351 3735 418 3776 cum
446 3715 542 3775 addit:
571 3710 646 3794 ἡδὲ
674 3713 794 3792 τοιαύτη
822 3712 871 3774 acl
898 3713 1086 3799 βούπρῳρος,
1115 3713 1218 3793 φασίν,
1246 3711 1356 3794 ἐλέγετο
1379 3711 1484 3775 διὰτὸ
1507 3733 1579 3793 προ-

271 3817 410 3893 ηγεῖσθαι
429 3811 521 3891 αὐτῆς
539 3806 588 3872 ola
606 3812 680 3890 νηὸς
698 3817 817 3896 πρῷραν
834 3811 886 3874 τὸν
905 3813 992 3892 βοῦν,
1011 3812 1048 3872 ab
1067 3831 1102 3872 eo
1121 3812 1265 3872 eiusmodi
1285 3811 1418 3893 τρίττοαν
1432 3810 1580 3890 βούαργον

271 3913 331 3972 dici
354 3916 384 3973 et
406 3931 460 3988 per
482 3929 513 3971 se
535 3914 621 3988 patet
643 3915 734 3988 atque
758 3911 848 3972 etiam
872 3911 981 3970 diserte
1005 3909 1041 3970 ab
1065 3909 1215 3987 Hesychio
1243 3930 1300 3970 τοι
1323 3908 1499 3994 βούπρῳρος
1526 3909 1579 3969 illo

344 4085 387 4152 19)
406 4081 530 4137 stadium
549 4081 681 4136 Eleusine
699 4081 788 4135 irrisae
806 4079 850 4134 Pr.
869 4083 945 4134 recte
963 4080 1085 4134 monuit:
1105 4080 1154 4135 16
1169 4077 1194 4134 Π
1207 4079 1289 4134 884λ)
1308 4080 1319 4133 Ι
1335 4085 1377 4134 25.

343 4167 387 4233 20)
405 4161 525 4217 fortasse
547 4177 583 4216 ne
606 4160 636 4215 id
659 4160 774 4230 quidem
797 4160 1080 4230 praetermittendum
1102 4163 1154 4227 est,
1178 4159 1253 4229 quod
1277 4160 1351 4215 inter
1374 4161 1528 4232 Πλούτο]νι
1551 4163 1580 4213 et

271 4247 297 4297 Δ
312 4285 317 4296 .
330 4285 353 4298 ,.
369 4262 414 4312 χοι
433 4242 625 4313 distinguitur,
645 4259 709 4296 oum
727 4259 751 4295 v.
768 4246 782 4294 3
802 4241 876 4295 inter
894 4257 996 4296 nomeu
1011 4237 1107 4309 Ἕρμει
1122 4243 1150 4294 et
1170 4256 1324 4310 cognomen
1341 4237 1504 4310 Ἐναγονίοι
1522 4239 1579 4292 dis·

271 4323 372 4378 tinotio
391 4322 429 4377 sit
447 4322 534 4377 nulla.

343 4405 388 4472 ar)
407 4402 506 4456 Rauda
524 4403 628 4474 Ραρυκ
646 4401 659 4455 1
674 4407 734 4467 195,
746 4407 769 4455 e.

342 4485 388 4554 22)
405 4482 488 4553 plura
506 4481 622 4553 collegit
640 4482 816 4548 Lemmsnt,
835 4481 885 4536 sed
904 4480 1048 4536 Eustathii
1066 4479 1259 4536 testimonium
1277 4479 1473 4551 gravissimum
1492 4482 1542 4534 est.

342 4567 388 4632 23)
406 4562 447 4617 sic
470 4563 543 4632 apud
568 4562 702 4616 Photium
725 4578 836 4631 quoque
862 4561 996 4631 scriptum
1020 4562 1173 4630 invenitur,
1198 4560 1274 4631 apud
1294 4559 1409 4615 Suidam
1433 4563 1528 4615 autem
1551 4563 1581 4614 et

271 4642 356 4698 schol.
376 4642 406 4697 in
424 4641 510 4697 Arist.
524 4641 598 4697 Plut.
613 4647 665 4696 820
684 4641 799 4710 τριττύς.
838 4641 893 4696 Sed
912 4641 1030 4696 Athenis
1050 4644 1125 4696 certe
1143 4641 1302 4713 legitimam
1319 4640 1439 4696 formam
1456 4637 1580 4709 τρίττοια

270 4722 358 4778 fuisse
377 4754 411 4764 —
430 4738 495 4777 nam
513 4719 624 4791 τρίττοα
642 4725 676 4776 ut
693 4730 773 4778 ποεῖν
791 4738 843 4791 pro
861 4731 955 4777 ποιεῖν
975 4753 1008 4762 -
1023 4721 1254 4792 inscriptionibus
1269 4721 1477 4776 demonstratur
1490 4721 1579 4776 recte-

271 4820 327 4872 que
345 4803 442 4858 docuit
459 4802 636 4858 Herodianus
655 4802 709 4872 (ed.
729 4802 815 4856 Lentu
832 4802 845 4855 1
863 4820 890 4872 p.
907 4803 981 4872 281):
1007 4799 1130 4869 τρίττοια
1149 4803 1208 4868 (sic,
1226 4819 1282 4856 non
1301 4798 1434 4868 τριττοία)
1453 4801 1471 4870 ἡ
1489 4799 1578 4856 θυσία

273 4883 330 4953 ἥτις
349 4885 380 4940 ἐκ
400 4893 483 4952 τριῶν
502 4881 579 4954 ζῴων
599 4883 707 4938 ἐθύετο.
