3424 5462
239 316 307 382 264
759 315 873 371 suess
893 315 1033 372 ssosss

239 487 408 565 fragmenta
432 474 569 547 vasorum
593 487 624 544 in
648 485 751 546 dromo
774 485 851 545 tholi
873 485 1053 546 Mouidensis
1077 487 1200 546 inventu
1221 486 1291 546 iude
1308 487 1347 546 ub
1366 491 1466 548 aetate
1485 487 1552 566 My-

239 587 324 644 oenia
347 585 485 662 deinceps
511 603 602 661 usquo
626 584 662 643 ad
688 586 787 643 exiens
806 583 834 639 V
853 603 879 643 a.
895 582 962 643 Chr.
976 605 1004 642 n.
1024 586 1176 645 saeculum
1198 578 1400 666 pertinent.¹¹)
1438 585 1553 646 Contra

239 701 274 742 ea
296 681 423 742 Iulietae
449 683 505 742 hae
534 683 598 760 lege
626 701 686 740 non
713 681 801 740 modo
832 683 895 740 vini
922 685 953 740 et
980 683 1037 742 olei
1065 683 1224 744 libationes
1253 683 1468 759 extenuabant,
1500 683 1553 744 sad

239 781 330 841 otiam
353 800 467 840 morsm
494 799 567 840 vase
589 779 778 856 relinquendi
806 781 950 857 expressis
977 780 1076 840 vorbis
1104 778 1139 839 τὰ
1162 776 1194 840 δὲ
1219 777 1322 861 ἀγγεῖα
1343 778 1553 859 ἀποφέρεσθαι

238 869 430 961 tollebant'¹)
455 879 557 938 eadem
580 879 635 938 illa
657 877 740 936 haud
762 877 852 937 dubie
874 879 991 938 ratione
1014 880 1162 938 oommoti.

327 976 363 1034 V.
386 981 423 1036 11
450 977 501 1038 τὸν
525 972 556 1037 δέ
578 973 713 1035 θανόντα
736 971 826 1055 φέρεν
848 973 1158 1054 κατακεκαλυμμένονι
1180 975 1311 1037 Koehler
1329 975 1447 1038 Solonis
1466 997 1554 1054 prae·

239 1078 359 1153 ceptum
383 1075 570 1151 comparavit
592 1071 726 1153 ἐκφέρειν
750 1069 781 1133 δὲ
804 1071 856 1133 τὸν
874 1070 1069 1134 ἀποθανόντα
1092 1081 1126 1158 τῇ
1151 1071 1288 1158 ύστεραέμ
1310 1061 1330 1159 ᾗ
1353 1071 1392 1134 ἀν
1410 1079 1554 1153 προθῶν-

238 1169 286 1232 ται
312 1171 384 1250 πρὶν
412 1173 497 1251 ἥλιον
520 1170 626 1252 ἐξέχειν
650 1175 680 1231 et
703 1175 861 1248 utrumque
884 1172 988 1232 eadem
1015 1174 1132 1232 ratione
1156 1174 1330 1249 explicavit3
1362 1193 1378 1234 e
1401 1173 1553 1232 communi

239 1273 318 1331 enim
342 1271 403 1331 fere
427 1273 560 1331 virorum
583 1270 737 1330 dootonrm
761 1270 911 1331 sententia
932 1270 978 1345 id,
1005 1289 1041 1329 ne
1065 1253 1186 1347 aspectu
1210 1271 1341 1347 eorporis
1364 1273 1478 1331 mortui
1500 1273 1555 1331 lux

239 1371 311 1430 solis
339 1371 559 1447 inquinaretur,
592 1371 713 1428 oautum
746 1386 809 1429 esse
837 1369 959 1428 sensuit.
1006 1367 1064 1428 Sed
1091 1387 1151 1428 non
1177 1370 1247 1428 huio
1274 1370 1327 1428 uni
1354 1371 1467 1429 rstioni
1492 1371 1555 1429 tale

238 1469 431 1545 praeceptum
459 1467 591 1527 debetur.
637 1465 686 1525 An
713 1468 748 1525 ut
770 1485 863 1525 unum
886 1467 1020 1538 afferam,
1053 1467 1140 1545 signa
1167 1467 1302 1541 deorum,
1335 1467 1442 1543 quibus
1465 1467 1555 1528 urbes

239 1568 351 1643 passim
375 1569 498 1626 ornatae
522 1567 616 1640 erant,
640 1564 731 1624 atali
752 1566 874 1640 aspsotu
892 1567 971 1624 tueri
989 1583 1048 1625 non
1068 1562 1211 1624 dedebat?
1248 1564 1395 1642 Equidem
1414 1562 1555 1640 Graecos,

238 1668 273 1723 ut
296 1665 393 1724 dioam
418 1664 497 1740 quod
521 1665 630 1738 sentio,
654 1662 690 1722 de
713 1662 834 1739 templis
857 1664 1009 1740 signisque
1032 1662 1169 1736 deorum,
1192 1664 1229 1722 ds
1253 1682 1283 1722 se
1306 1664 1379 1740 ipsis
1403 1663 1555 1723 domibus·

240 1782 297 1838 que
320 1765 392 1836 suis,
416 1761 451 1821 de
474 1764 540 1821 tota
564 1761 691 1838 denique
713 1761 786 1820 urbe
809 1763 909 1838 potius
933 1761 1111 1842 cogitavisse
1135 1781 1224 1838 quam
1247 1761 1284 1820 de
1307 1761 1379 1822 solis
1400 1761 1467 1822 luae
1485 1781 1554 1821 oen-

239 1851 339 1943 seo.’⁸)
376 1859 475 1936 Atque
499 1863 598 1936 ipsum
621 1858 697 1917 illud
719 1859 853 1918 Platonis
876 1856 933 1937 πρὸ
955 1854 1062 1939 ἡμέρας
1081 1857 1135 1930 ἔξω
1154 1867 1206 1937 τῆς
1228 1857 1340 1930 πόλεως
1358 1852 1445 1935 εἶναι,
1467 1860 1554 1920 dum-

238 1958 326 2019 modo
349 1961 447 2018 totum
465 1958 552 2016 huius
570 1957 628 2017 looi
648 1975 792 2017 sonorum
810 1956 1037 2032 consideremus,
1061 1959 1243 2017 eontrarium
1266 1961 1356 2034 atque
1375 1957 1422 2016 illi
1439 1958 1547 2018 volunt

239 2057 338 2118 efficit.
383 2057 465 2116 Haeo
493 2057 572 2115 enim
598 2055 717 2132 integra
744 2055 806 2114 aius
834 2054 925 2115 verba
948 2051 1031 2135 (Lsg.
1055 2055 1113 2114 ΧΠ
1133 2048 1250 2137 960a):
1281 2059 1408 2135 θρηνεῖν
1435 2052 1468 2115 δέ
1495 2054 1547 2115 καῖ

238 2154 293 2229 ἔξω
316 2163 369 2234 τῆς
386 2153 483 2225 οἰκίας
506 2151 613 2230 φωνην
632 2149 811 2233 ἐξαγγέλλειν
828 2149 1023 2233 ἀπαγορεύειν
1040 2151 1090 2212 καὶ
1108 2150 1160 2213 τὸν
1177 2151 1283 2232 νεκρὸν
1301 2153 1343 2225 εἰς
1362 2152 1393 2214 τὸ
1412 2151 1546 2234 φανερὸν

238 2253 379 2334 προάγειν
402 2261 461 2312 τῶν
488 2249 568 2312 ὁδῶν
590 2249 715 2312 κωλύειν
737 2247 787 2310 καὶ
813 2249 846 2311 έν
868 2255 932 2322 ταῖς
955 2247 1036 2322 ὁδοῖς
1062 2250 1263 2331 πορευόμενον
1286 2249 1474 2332 φθέγγεσθαι
1496 2249 1548 2312 καὶ

238 2351 296 2433 πρὸ
319 2347 430 2432 ἡμέρας
452 2348 507 2422 ἔξω
534 2358 587 2428 τῆς
609 2347 721 2422 πόλεως
743 2341 832 2408 eleos:
864 2351 929 2409 vias
954 2349 1127 2425 inoolasque
1153 2348 1209 2409 hoo
1236 2349 1303 2409 looo
1326 2349 1414 2409 Plato
1441 2353 1545 2410 tuetur

237 2470 298 2512 non
321 2449 428 2510 Solem.
474 2448 654 2524 Aooedebat,
682 2446 760 2523 quod
786 2449 905 2506 mortuo
934 2449 1038 2524 aperto
1060 2446 1178 2507 facilius
1200 2447 1376 2508 lamentatio
1400 2447 1549 2508 exeitaba-

238 2541 349 2630 tur’⁴)‚
382 2548 417 2608 de
444 2566 505 2624 qua
533 2546 695 2607 ooeroends
723 2546 818 2604 omnis
847 2541 1028 2605 Graecorum
1060 2545 1134 2624 legis
1164 2545 1239 2604 latio
1267 2545 1486 2620 eonsentiebat‚
1517 2545 1552 2606 of

238 2650 358 2723 praeter
385 2645 522 2705 Platonis
550 2644 642 2704 verba
669 2642 758 2703 modo
785 2643 889 2702 adlata
914 2643 993 2702 Plut·
1014 2643 1073 2703 Sol.
1094 2647 1133 2702 21
1163 2641 1278 2722 ἀμυχὰς
1305 2640 1337 2704 δὲ
1364 2640 1557 2721 κοπτομένων

239 2742 289 2804 καλ
312 2742 343 2804 τὸ
367 2747 494 2825 θρηνεῖν
517 2739 702 2820 πεποιημένα
729 2738 830 2801 καὶτὸ
853 2739 980 2801 κωκύειν
1002 2738 1092 2801 ἀλλον
1115 2740 1148 2802 ἕν
1171 2746 1278 2818 ταφαῖς
1305 2738 1411 2821 έτέροιν
1434 2738 1557 2817 ἀφεῖλεν

240 2847 271 2902 et
285 2843 342 2920 leg.
352 2839 519 2919 Labyad.(l
535 2843 685 2916 v.13sqq.
702 2871 734 2880 -
750 2838 808 2898 Sed
820 2840 1065 2899 lamentutionem
1080 2842 1116 2898 ut
1129 2841 1210 2898 intra
1220 2839 1342 2900 domum
1357 2841 1506 2899 funestam
1514 2830 1557 2920 ²⁵)

240 2943 282 3001 sio
305 2940 465 3017 adipsum
488 2939 657 3016 sepulerum
680 2956 849 2997 oonoessam
876 2937 967 2997 fuisse
990 2938 1060 2998 inde
1086 2938 1209 3015 colligo,
1233 2937 1313 3014 quod
1336 2935 1456 2997 definite
1480 2937 1556 2997 dioi-

238 3043 289 3099 tui
312 3045 421 3116 σιαπῆι
440 3034 521 3118 μέχρι
544 3031 608 3116 [ἐπὶ
631 3033 663 3095 τὸ
684 3029 789 3115 dipsa,
813 3035 850 3094 of.
869 3036 926 3114 leg.
941 3033 1073 3112 Labysd.
1088 3055 1115 3095 v.
1133 3038 1243 3112 lisqq.
1263 3029 1334 3114 μηδ’
1356 3031 1557 3108 ύτοιοζύντων

240 3131 359 3217 έ[χ]θὸς
382 3145 433 3208 τᾶς
455 3134 576 3207 forulos·
598 3131 669 3214 πρλγ
692 3125 719 3192 κ’
746 3130 793 3193 ἐπὶ
816 3131 848 3194 τὸ
872 3142 951 3209 σᾶμα
973 3133 1102 3192 ἀέκοντι.

329 3233 364 3292 V.
387 3236 427 3293 12
460 3232 636 3316 προοφαγῖιμ
665 3228 697 3291 δὲ
725 3235 854 3311 χρῆσθαι
870 3231 953 3290 ’κτλι
987 3231 1059 3307 quid
1082 3232 1128 3290 his
1152 3231 1249 3290 verbis
1273 3232 1308 3290 de
1336 3233 1452 3310 origine
1478 3232 1557 3310 logis

240 3333 342 3412 colligi
368 3335 483 3409 posset,
506 3350 597 3408 supra
619 3351 648 3407 p.
670 3331 732 3388 262
758 3331 865 3404 statii,
893 3328 944 3388 sed
972 3331 1069 3406 ipsum
1093 3329 1271 3389 saorifioium
1298 3333 1405 3390 notatu
1428 3329 1557 3407 dignum

241 3434 293 3490 est.
332 3428 541 3509 Προ-οφύγιον
565 3430 645 3488 enim
668 3429 698 3486 in
723 3427 806 3486 oultu
828 3429 1014 3487 mortuorum
1036 3427 1117 3487 haud
1140 3426 1228 3486 dubie
1251 3428 1331 3486 idom
1354 3431 1401 3489 est
1423 3447 1457 3486 ee
1480 3425 1556 3505 κρό-

240 3532 326 3605 θυμα
348 3527 380 3586 in
401 3546 575 3603 superorum
594 3527 676 3587 oultu
700 3528 718 3584 i.
734 3543 757 3584 e.
778 3524 964 3598 sacrificium,
988 3525 1067 3602 quod
1086 3529 1156 3584 aute
1176 3525 1309 3601 aliquam
1327 3545 1391 3584 rem
1408 3525 1452 3599 fit,
1476 3545 1558 3604 quae

240 3645 287 3685 res
310 3626 366 3685 hoo
388 3625 473 3684 tituli
495 3625 560 3685 looo
584 3623 668 3683 nulla
695 3624 755 3683 nisi
777 3624 845 3699 ipsa
867 3625 999 3700 oorpon's
1023 3623 1177 3699 sepultura
1199 3623 1335 3702 intellegi
1363 3641 1450 3700 posse
1473 3625 1558 3683 vide·

313 3789 358 3856 21)
386 3785 420 3840 of.
449 3787 512 3841 Dos
539 3785 721 3856 Koppslprob
748 3801 802 3840 νοκ
826 3785 950 3852 Μαεῖάῖ,
977 3785 1134 3856 λενοαεμερ.
1158 3801 1182 3840 o.
1202 3784 1285 3840 Arois.
1309 3785 1378 3840 Ικπ.
1406 3803 1434 3854 p.
1457 3790 1558 3854 o-w,

241 3883 268 3936 p.
284 3871 399 3934 48-50,
417 3870 447 3921 et
465 3865 588 3921 Wolters
608 3866 690 3920 Aret.
705 3865 802 3920 Jahrb.
822 3864 887 3918 XIV
900 3883 927 3934 p.
943 3869 1003 3919 185.

318 3950 362 4016 λε)
389 3947 475 4015 paulo
494 3945 578 4000 aliter
596 3945 756 4014 nuperrime
771 3943 855 3998 Pfuhl
873 3946 958 3999 verba
977 3945 1053 4015 oepit
1072 3947 1099 4014 (λ.
1110 3961 1131 4000 ο.
1148 3964 1176 4014 p.
1192 3947 1255 4014 2⁷2)
1273 3944 1463 4016 interpretans
1479 3947 1558 4002 ‘dass

242 4044 269 4082 τε
286 4043 362 4082 επακ
379 4028 478 4093 solist,
497 4027 562 4082 oter
579 4028 739 4097 tsioesweps
758 4027 859 4094 Pstiott
876 4043 945 4092 soor,
962 4025 1006 4080 ae
1025 4026 1094 4080 heim
1116 4027 1277 4096 Totooopfsr
1298 4027 1481 4082 renuendeteo
1502 4027 1557 4082 Ge-

241 4109 314 4174 sdsse
342 4107 402 4162 dem
426 4107 570 4162 Gebrouot
595 4107 644 4162 der
667 4107 812 4162 Leterrdeo
838 4123 874 4160 ττι
896 4105 1053 4160 επλκῖτλοα)
1093 4105 1148 4160 Sed
1170 4107 1239 4174 quin
1262 4105 1417 4160 infinitivus
1434 4105 1483 4160 hio
1502 4106 1556 4159 im-

243 4187 364 4256 perativi
382 4187 443 4242 vioe
462 4187 605 4256 fungatur,
624 4187 695 4240 mihi
714 4186 831 4240 dubium
849 4202 906 4240 non
925 4189 976 4240 est.

314 4269 358 4336 23)
387 4266 421 4320 ef.
433 4266 619 4320 Waohsmuth
638 4268 702 4322 Dos
719 4269 773 4322 olto
789 4266 991 4321 Grioohertlood
1009 4269 1048 4321 ι’κι
1065 4283 1153 4321 neuen
1172 4284 1199 4337 p.
1211 4271 1276 4319 120:
1297 4266 1380 4320 ‘auct
1392 4267 1458 4321 sind
1471 4269 1557 4322 samt-

243 4347 310 4401 lr'ohe
332 4347 446 4402 Hdoser
472 4348 532 4402 uod
555 4349 666 4414 Ικῖάικ,
694 4365 733 4402 αα
760 4347 847 4401 denen
870 4347 917 4402 dor
931 4347 1112 4418 'Leioteosup
1135 4347 1299 4418 oorber'peht,
1326 4363 1379 4401 ονε
1405 4347 1557 4402 metm

245 4427 360 4482 Grande
379 4427 594 4496 (inquinationis
613 4429 746 4482 vitandae
765 4429 860 4498 causa)
879 4422 1064 4498 pesohlossew

315 4509 360 4576 24)
388 4523 475 4575 quare
492 4525 549 4562 non
568 4507 681 4576 dubito,
705 4509 774 4576 quin
792 4507 978 4561 Athenienses
997 4507 1053 4576 ipsi
1071 4521 1183 4576 quoque
1202 4522 1320 4575 corpora
1338 4509 1437 4576 operta
1455 4503 1556 4562 efferre

244 4587 404 4652 dsbusrint;
433 4589 509 4658 quod
527 4588 730 4643 Demosthenes
749 4589 779 4642 in
797 4587 914 4642 Maoort.
930 4593 963 4642 dt
988 4587 1047 4642 eius
1071 4586 1111 4641 rei
1135 4587 1305 4642 mentionem
1331 4604 1387 4641 uon
1405 4587 1489 4654 facit,
1518 4588 1556 4642 ab

246 4665 295 4720 illo
315 4665 392 4737 leges
410 4669 526 4721 minime
544 4669 670 4736 integros
688 4669 785 4722 referri
804 4671 923 4722 oonstat.

315 4749 359 4814 κο)
387 4751 498 4816 praeter
519 4751 702 4818 praeceptum
725 4747 924 4816 Labyaduum
945 4747 1030 4818 paulo
1054 4746 1130 4802 infra
1151 4746 1279 4802 adlatum
1301 4746 1464 4802 testimonio
1487 4751 1557 4802 sunt

244 4840 320 4893 vasa,
338 4826 368 4880 in
387 4827 489 4895 quibus
507 4829 647 4898 prothesis
665 4829 744 4899 piota
762 4831 818 4895 est,
836 4827 886 4882 ubi
904 4827 1131 4898 frequentissime
1149 4827 1281 4882 mulieres
1302 4825 1492 4882 lamentantes
1510 4843 1556 4881 re-

244 4908 460 4972 praesentantur
