3426 5462
683 349 890 408 rameseie
1414 352 1441 408 v
1506 308 1512 316 ’

124 517 285 584 fasciculo
292 568 301 601 ,
333 517 389 602 qui
417 537 503 583 nunc
529 516 652 602 prodit,
680 516 768 602 leges
796 515 898 603 ipsius
927 514 1075 582 Graeciae
1103 519 1136 581 et
1162 517 1339 582 insularum
1367 539 1441 583 een-

125 618 350 704 iungsrentur,
373 615 483 700 altere,
507 636 603 700 quem
627 618 701 680 ante
723 614 862 680 hiemem
885 617 1030 680 exactam
1053 615 1245 699 impressum
1274 614 1314 679 iri
1337 637 1440 700 spere,

124 717 218 802 leges
242 713 339 779 Asiae
362 735 427 778 uns
449 735 523 779 eum
546 712 699 778 addendis
723 716 755 778 et
778 712 937 778 indicibus
961 715 1177 798 sequerentur.

218 811 449 897 Inscriptienes
472 813 560 896 ipsas
583 811 685 876 isdem
702 811 849 876 versibus
868 833 906 877 ae
923 810 1061 896 lapicida
1083 810 1235 895 antiquus
1258 833 1323 876 nen
1343 811 1440 877 divisi

123 908 193 976 nisi
215 912 250 976 in
273 910 454 976 minoribus
478 909 583 975 titulis
607 914 663 975 aut
685 909 869 993 ubieunque
891 908 932 973 ad
954 908 1188 974 restituendum
1211 909 1262 974 vel
1285 909 1325 974 ad
1344 911 1440 976 inter·

125 1009 321 1094 protundum
349 1008 489 1094 aliquem
516 1008 586 1075 eius
613 1008 660 1074 rei
688 1029 783 1073 usum
810 1008 879 1073 fere
906 1006 1128 1093 providebam3
1158 1007 1344 1092 ceteroquin
1371 1029 1440 1073 ver·

125 1129 225 1172 suurn
247 1106 365 1192 lapidis
386 1106 577 1172 divisionem
597 1128 614 1171 e
633 1127 722 1172 more
741 1105 872 1192 vulgato
892 1105 1019 1171 lineolis
1038 1105 1239 1190 interpositis
1257 1105 1440 1193 significare

126 1205 210 1272 satis
232 1205 341 1270 habui.
388 1203 594 1290 Compendia,
619 1204 738 1290 quibus
761 1225 838 1269 usus
861 1200 948 1291 sum,
974 1203 1145 1269 notissima
1168 1207 1244 1269 sunt
1266 1207 1323 1268 aut
1345 1204 1440 1270 facile

125 1326 189 1390 per
214 1327 248 1370 se
276 1303 522 1390 intelleguntur,
552 1302 608 1368 sed
635 1303 674 1368 de
701 1302 803 1388 signis
831 1303 866 1367 in
895 1305 986 1368 textu
1014 1301 1261 1386 inscriptionum
1284 1301 1439 1368 adhibitis

124 1423 231 1487 pauca
262 1400 378 1467 addere
410 1424 492 1486 epus
525 1405 582 1466 est.
631 1399 746 1485 Neque
777 1401 863 1468 enim
891 1401 925 1466 in
955 1399 1017 1465 hee
1043 1421 1078 1464 re
1105 1399 1209 1465 adhuc
1240 1401 1325 1466 inter
1353 1401 1439 1466 vires

125 1499 241 1565 doctos
265 1499 304 1565 da
327 1522 391 1565 una
415 1503 566 1584 certaque
588 1498 712 1565 ratione
736 1499 894 1582 convenit,
918 1499 951 1564 id
970 1497 1056 1584 qued
1074 1498 1166 1564 valde
1185 1497 1358 1564 dolendum
1381 1503 1439 1564 est.

125 1597 231 1663 Velut
252 1599 345 1664 uncis
368 1599 480 1664 fractis
502 1599 523 1682 <
546 1599 567 1682 >
590 1598 837 1682 inscriptionum
861 1596 1000 1663 editores
1023 1596 1121 1684 vulgo
1145 1619 1191 1683 se,
1214 1619 1296 1682 quae
1319 1619 1338 1661 a
1360 1596 1439 1682 lapi-

128 1695 203 1762 cida
224 1719 392 1782 perperam
415 1695 524 1761 addite
543 1695 677 1761 dolende
695 1697 779 1781 sunt
803 1695 1090 1780 circumdederunt,
1113 1698 1225 1760 contre
1243 1717 1439 1781 papyrerum

125 1794 349 1879 librorumque
372 1793 510 1861 editores
534 1817 580 1878 ea,
603 1816 685 1880 quse
707 1815 727 1858 a
748 1793 882 1859 librario
901 1795 1022 1860 emisse
1040 1793 1184 1860 addenda
1202 1798 1286 1859 sunt.
1327 1793 1441 1859 Altera

126 1916 169 1959 ex
195 1897 287 1978 perte
314 1894 407 1980 signa
434 1894 468 1958 in
495 1893 589 1958 libris
618 1891 834 1980 epigraphicis
862 1894 1051 1978 plerumque
1078 1891 1222 1958 adhiberi
1252 1892 1348 1957 solite
1374 1914 1440 1957 nen

126 1991 304 2058 sufficiunt.
350 1991 450 2056 Velut
473 1991 702 2076 Dittenberger
729 1989 821 2056 uncis
850 1990 998 2056 rotundis
1021 1988 1063 2078 ()
1087 1989 1240 2056 dusares
1264 1989 1439 2055 diversissi-

126 2109 199 2154 mas
222 2087 367 2154 inclusit:
390 2092 524 2174 atquae
545 2110 652 2154 errore
675 2088 794 2154 emissa
813 2093 898 2174 sunt,
917 2111 990 2154 eum
1009 2088 1107 2154 scribi
1127 2087 1289 2173 deberent,
1306 2093 1339 2154 et
1358 2110 1440 2173 quae

127 2187 199 2252 aive
220 2210 240 2251 a
263 2187 467 2272 quadratario
489 2209 555 2252 nen
578 2191 664 2252 recte
686 2186 789 2252 incisa
812 2187 881 2252 sire
900 2209 919 2252 a
935 2187 1049 2272 primis
1073 2187 1251 2252 editoribus
1268 2209 1335 2252 nen
1354 2190 1440 2252 reete

125 2285 213 2350 lecta
235 2289 324 2372 sunt3
352 2285 445 2351 Prett
473 2289 580 2350 autem
610 2285 711 2351 isdem
735 2285 826 2351 uncis
850 2285 997 2351 rotundis
1020 2290 1054 2351 et
1076 2305 1199 2350 errores
1227 2285 1384 2370 lapicidae
1407 2288 1440 2350 et

127 2383 254 2448 litteras
286 2383 435 2450 lectionis
466 2385 607 2451 incertas
640 2383 843 2472 significavit.
895 2382 983 2461 Quas
1010 2405 1083 2449 eum
1115 2384 1162 2449 ita
1188 2387 1310 2470 essent,
1341 2381 1438 2468 paule

126 2482 224 2567 plura
246 2482 340 2569 signa
362 2505 422 2549 nec
444 2487 553 2548 tamen
576 2505 614 2548 ea
636 2483 750 2569 ignota
771 2481 906 2548 adhibui
928 2480 1021 2547 haee:

220 2579 317 2666 [quae
339 2581 502 2666 inlepide
526 2581 665 2667 fuerunt,
687 2601 773 2646 nune
796 2579 917 2668 deleta]
940 2579 1090 2666 supplete

220 2680 320 2764 [quas
342 2681 377 2745 in
398 2679 507 2765 lapide
529 2679 650 2745 emissa
672 2681 763 2762 sunt]
787 2678 896 2744 addita

218 2777 322 2862 <quas
344 2799 512 2863 perperam
535 2801 555 2842 a
577 2777 716 2865 lapicida
737 2776 848 2842 addita
871 2777 968 2860 sunt>
992 2775 1096 2841 deleta

219 2873 315 2963 (quaa
343 2877 410 2942 sire
438 2877 472 2941 in
499 2876 607 2960 lepide
633 2876 736 2942 ineisa
761 2875 845 2940 false
873 2874 941 2939 sive
969 2897 988 2939 e
1017 2874 1131 2961 primis
1155 2875 1333 2940 editoribus
1356 2874 1439 2940 false

264 2973 348 3038 lecta
370 2971 461 3060 sunt)
485 2974 661 3038 emendata.

127 3071 279 3156 Denique
310 3092 392 3155 quae
424 3071 552 3136 litterae
584 3071 724 3138 incertae
757 3078 845 3158 sunt,
880 3095 933 3138 aas
965 3071 1147 3157 exemplum
1178 3070 1296 3137 Hilleri
1326 3071 1440 3138 Kernii

127 3167 312 3234 Wilhelmii
343 3170 481 3234 aliorum
513 3174 641 3235 secutus
673 3171 802 3256 punctis
835 3171 1012 3256 suppositis
1040 3170 1186 3236 indicavi.
1238 3169 1440 3256 Quamquam

128 3289 171 3332 ne
194 3268 241 3332 ita
263 3267 392 3353 quidem
416 3289 483 3332 rem
507 3267 688 3334 absolutam
712 3290 782 3334 esse
804 3269 872 3334 seio
901 3290 937 3333 ae
959 3290 1084 3334 moneo.
1129 3267 1328 3334 incertarum
1352 3269 1438 3334 enim

129 3351 311 3430 litteratum
345 3366 407 3431 duo
441 3386 510 3432 esse
543 3387 661 3452 genera
692 3371 841 3452 pessunt,
874 3368 1011 3432 alterum
1044 3389 1166 3452 earum,
1199 3388 1280 3451 quae
1308 3366 1440 3433 omnine

130 3463 285 3528 obscurae
309 3468 394 3548 sunt,
417 3463 554 3528 alterum
578 3485 701 3550 earum,
724 3465 780 3530 ubi
804 3487 886 3550 quae
909 3465 944 3530 in
966 3465 1072 3550 lapide
1095 3463 1179 3530 clare
1202 3470 1440 3550 conserventur,

129 3560 303 3627 ediversis
331 3561 451 3627 litteris
479 3582 646 3646 superesse
673 3568 823 3648 pessunt3
855 3563 944 3629 velut
968 3564 996 3628 si
1018 3562 1113 3628 hasta
1141 3563 1315 3648 obliquas
1344 3567 1441 3648 extat,

131 3657 281 3744 ΛΑΔ,
312 3660 346 3724 in
380 3660 571 3745 quibusdam
605 3661 870 3747 inscriptionibus
898 3662 994 3727 etiam
1024 3666 1056 3726 Μ
1085 3665 1117 3727 st
1141 3662 1183 3726 Ν
1214 3661 1248 3726 in
1280 3665 1439 3728 certamen

128 3759 271 3823 veniunt.
321 3756 384 3824 Sed
417 3781 474 3824 nee
506 3780 626 3824 nevum
658 3759 787 3847 signum
820 3765 932 3844 aptum
965 3759 1058 3825 facile
1090 3760 1227 3825 inveniri
1254 3763 1381 3844 poterat
1409 3762 1442 3824 et

129 3855 303 3922 desiderari
326 3877 422 3940 pesse
444 3856 497 3922 vel
519 3857 591 3922 ideo
615 3856 797 3943 videbatur,
825 3857 901 3943 quia
923 3857 1108 3944 ubieunque
1130 3859 1262 3923 maioris
1285 3859 1441 3924 momenti

129 3975 179 4019 res
203 3957 281 4038 erat,
304 3955 417 4040 utique
440 3955 638 4020 accuratiore
661 3955 870 4041 reliquiarum
893 3956 1109 4041 descriptione
1132 3977 1215 4042 epus
1238 3959 1315 4021 erat.

218 4050 257 4116 Iu
281 4057 372 4117 textu
396 4054 565 4118 titulorum
587 4054 786 4119 restituendo
811 4059 843 4119 et
866 4055 1044 4140 supplendo
1070 4076 1119 4119 ure
1139 4053 1311 4139 aliquoties
1330 4077 1349 4119 a
1367 4076 1441 4119 een·

130 4151 299 4216 suetudine
326 4151 459 4239 vulgata
487 4150 671 4218 discessisse
699 4152 811 4218 sentio.
862 4152 994 4218 Etenim
1027 4153 1062 4217 in
1092 4153 1283 4240 gravissime
1313 4175 1441 4238 quoque

130 4253 162 4315 et
184 4249 377 4315 difficillime
407 4250 502 4314 titulo
530 4251 755 4336 supplementa
781 4249 938 4336 quaedam
965 4252 1089 4316 ineerta
1111 4273 1131 4315 a
1153 4253 1245 4316 textu
1275 4251 1347 4336 ipso
1370 4273 1441 4335 pre-

129 4347 228 4412 hibui.
275 4346 346 4424 Qua
373 4349 497 4413 ratione
521 4349 635 4415 vellem
666 4349 763 4414 etiam
792 4349 919 4433 saepius
943 4353 976 4414 et
999 4349 1200 4414 constantius
1227 4369 1305 4414 usus
1328 4370 1439 4415 essem.

129 4444 191 4511 Sed
215 4445 284 4531 ipse
307 4445 488 4530 paullatimv
505 4447 633 4512 demum
662 4446 819 4531 intellexi,
843 4469 939 4532 quam
968 4446 1071 4513 multa
1094 4447 1332 4534 supplementa,
1359 4469 1441 4531 quae

128 4566 195 4609 nen
219 4543 325 4610 solum
348 4544 448 4632 vulgo
472 4545 572 4631 recipi
595 4546 651 4610 sed
674 4545 771 4611 etiarn
795 4550 959 4631 tamquam
983 4545 1170 4611 testimonia
1193 4545 1227 4609 in
1246 4543 1440 4631 quaestioni-

33 4641 37 4646 ’
128 4641 190 4706 bus
221 4642 422 4730 gravissimis
452 4643 599 4709 adhiberi
627 4644 746 4727 solent,
778 4643 901 4710 ineerta
928 4665 997 4709 esse
1025 4643 1151 4708 assidue
1183 4647 1215 4708 et
1242 4643 1343 4708 libere
1370 4665 1440 4728 per-

128 4739 281 4825 pendenti
304 4745 466 4825 appareat.
504 4739 604 4807 Cuius
627 4743 674 4806 rei
697 4743 819 4829 insigni
841 4742 1029 4807 testimonie
1053 4743 1129 4806 sunt
1152 4744 1185 4806 st
1202 4741 1441 4827 antiquissima

128 4860 199 4904 rum
221 4837 333 4926 legum
357 4837 539 4905 Atticarum
562 4840 687 4925 aliquot
716 4840 780 4906 loci
803 4845 836 4904 et
858 4862 888 4904 n.
908 4841 950 4906 28
975 4863 1003 4904 v.
1025 4840 1067 4905 10
1090 4838 1348 4925 supplementum
1375 4841 1443 4904 sive

133 4935 171 5004 ἐν
192 4947 252 5004 τῶι
276 4936 429 5024 testetur
453 4939 546 5025 νεῶι]
569 4939 637 5004 sive
660 4937 697 5005 ἐν
718 4951 778 5004 τῶι
797 4936 941 5026 'Adaiou
963 4939 1094 5023 adres}
