3426 5462
595 336 751 392 ATTICAE
771 356 797 392 n.
814 344 854 392 16.
876 343 940 392 lde,
963 343 995 390 l'l
1407 337 1449 401 67

132 511 173 568 cf.
196 509 409 587 Dittenberger
435 501 521 584 Syll.¹
545 509 624 568 6652
652 499 768 591 Ἀγαθῇ
796 507 869 591 τύχῃ
896 516 949 586 τῆς
977 508 1088 586 βουλῆς
1115 505 1165 567 καί
1192 514 1245 568 τοῦ
1273 505 1371 584 δήμου
1399 515 1451 566 τοῦ

129 601 317 686 Ἀθηναίων’
355 605 404 667 ἐπί
438 603 594 684 Μέντορος
623 602 764 686 ἄρχοντος
796 605 828 667 ἐν
855 610 994 682 Δελφοῖς,
1027 604 1059 666 ἐν
1092 603 1123 666 δὲ
1144 598 1289 682 Ἀθήναις
1318 597 1451 686 Ἀργείου

133 697 178 787 (a.
198 699 270 785 97ίὸ
305 710 359 765 aut
388 699 460 784 96s5
481 725 507 764 a„
528 704 595 764 (lhr.
613 695 667 786 u),
699 703 802 783 ἔλαβε-ν
834 703 886 765 τὸν
918 702 998 784 ἱερὸν
1015 703 1154 782 ’τρίποδα
1182 702 1215 764 ἐκ
1243 705 1370 781 Δελφῶν
1401 701 1450 764 καὶ

131 801 313 882 ἀπεκόμισεν
344 801 394 863 καὶ
426 801 482 881 τὴν
514 803 675 883 πυρφόρον
701 799 812 883 ἤγαγεν
842 796 1042 882 Ἀμφικράτης
1067 795 1261 882 Ἐπιστροίτυυ
1288 793 1451 879 Ἀθηναῖος

131 909 165 962 et
192 903 263 963 ibid.
286 923 315 961 n.
337 903 399 962 718
425 893 507 962 Ἐπεὶ
532 895 722 980 Ἇλ]ιιίδαμος
745 899 911 977 Εὐφάνους
941 893 1135 980 [Ἀθηναῖος]
1164 900 1293 976 πολίτας,
1324 899 1451 978 εὐσεβῶς

131 997 186 1059 καί
209 979 298 1073 δσίοις
321 999 504 1078 διακείμενος
526 999 597 1059 ποτί
617 1020 647 1059 τε
670 999 722 1060 τὸν
740 998 815 1060 θεὸν
834 993 898 1078 [καί
921 993 1002 1078 ποτὶ]
1026 997 1080 1057 τὰν
1103 996 1190 1058 πόλιν
1213 995 1308 1075 ἁμῶν,
1331 995 1450 1078 ἀγαγὼν

132 1095 168 1157 δὲ
191 1097 241 1158 nol
263 1098 315 1158 τὸν
338 1097 462 1179 τρίποδα
489 1090 538 1173 ἐφ’
565 1096 693 1176 ἅρματος
716 1093 807 1169 ἀξίοις
829 1105 881 1156 τοῦ
904 1118 933 1156 τε
957 1101 1031 1156 θεοῦ
1051 1094 1100 1156 καὶ
1119 1104 1171 1156 τοῦ
1190 1093 1332 1174 ὑμετέρου
1351 1095 1449 1174 δάμου

131 1193 185 1256 καί
204 1193 288 1274 ἆμῶυ
305 1200 364 1256 ιιτλ.
407 1196 465 1255 Sed
479 1197 604 1272 ¹reliqua,
627 1197 700 1255 eatis
723 1197 800 1255 mira
823 1200 906 1254 eunt:
930 1192 1078 1266 ἐπιτοξίδα
1101 1198 1133 1252 ni
1156 1195 1246 1254 fallor
1268 1195 1450 1254 attributum

132 1294 318 1354 substantivi
339 1295 478 1374 τρίποδας
502 1293 552 1354 sed
577 1315 635 1370 quo
660 1297 774 1370 spectat
794 1289 904 1370 στέμμα
926 1293 1002 1350 illud
1026 1291 1207 1372 cpoydvrov?
1239 1292 1276 1351 ed
1300 1293 1387 1351 deum
1411 1312 1450 1351 an

132 1393 176 1452 ad
205 1393 383 1470 Pythaieten
413 1395 466 1470 qui
499 1392 618 1468 tripoda
651 1389 798 1452 ducebat?
853 1391 990 1467 Denique
1024 1392 1096 1466 quid
1128 1390 1186 1450 eibi
1213 1391 1307 1450 velint
1334 1393 1367 1449 in
1394 1391 1451 1449 hoc

132 1511 248 1551 conexu
280 1495 393 1572 σφαῖρα
420 1495 450 1550 et
477 1493 540 1551 eive
572 1490 734 1568 λημνίσκος
765 1492 827 1550 eive
856 1489 971 1567 δίσκος,
1003 1507 1109 1565 parum
1141 1507 1292 1565 assequor.
1338 1488 1450 1565 Utique

132 1591 209 1649 haec
231 1593 395 1667 praecepta
418 1594 526 1649 notatu
549 1589 694 1667 perdigna
717 1592 795 1648 eunt.

230 1832 304 1887 rea.
333 1831 533 1901 Fragmentum
553 1830 639 1886 atalae
658 1830 805 1885 marmoris
824 1829 961 1884 Pentelici
979 1830 1105 1899 undique
1123 1829 1263 1898 mutilum,
1282 1830 1403 1884 fractum
1422 1829 1450 1883 in

132 1913 206 1966 duae
230 1915 338 1982 partes,
362 1913 508 1966 inventum
531 1912 561 1966 in
584 1910 665 1976 clivo,
691 1910 741 1979 qui
764 1913 874 1980 spectat
897 1910 971 1964 inter
995 1910 1169 1965 occidentem
1193 1913 1222 1965 et
1244 1909 1449 1985 septentriones

134 1992 287 2064 Areopagi.
325 1992 376 2046 Ed.
396 1993 427 2046 E.
448 1991 580 2046 Ziebarth
600 1991 682 2046 MA]
699 1990 789 2044 XXIII
811 1995 879 2045 1898
898 2009 925 2060 p.
941 1997 975 2044 24
995 2009 1021 2045 u.
1038 1999 1061 2044 1.
1099 1990 1232 2045 Eiusdem
1251 1989 1355 2060 lapidis
1374 1989 1450 2060 frag-

132 2077 262 2127 mentum
290 2089 351 2128 aeae
380 2089 413 2126 ac
437 2092 463 2126 n.
485 2079 517 2125 16
537 2071 672 2126 Wilhelm
701 2088 752 2141 per
778 2071 887 2126 litteren
916 2087 1025 2125 mecum
1053 2071 1271 2126 communicavit
1296 2074 1325 2125 et
1348 2074 1450 2141 ectypa

133 2153 207 2207 mihi
226 2154 312 2208 misit.

628 2380 728 2458 ἱερέαι
754 2380 894 2459 Ἀθηναί-

629 2508 666 2551 oc
689 2487 856 2553 Πολιάδα(

522 2594 561 2659 Δ
629 2593 797 2674 ἀπόμετρα
1097 2591 1128 2660 I'

627 2720 734 2799 Ἑρμῆι
760 2720 796 2784 ἐλ
819 2719 932 2786 Λυκείο
1101 2717 1108 2783 Ι

450 2845 465 2890 a
521 2824 572 2903 t}
631 2825 679 2892 olo

554 2933 600 3010 {ll
629 2935 804 3014 ἱερεώευνᾳ

554 3060 701 3144 qaorum
724 3059 872 3139 ἱεταμένο

630 3167 663 3232 ἐ(
687 3168 860 3247 ἑβδομᾳῑον

630 3273 679 3338 ol(
704 3277 811 3353 terro-

433 3397 466 3445 10
630 3383 798 3464 vvirtelwv

627 3487 860 3573 Πυθᾳι(τ[α]ῖε
884 3495 922 3553 θυ

628 3616 813 3674 mv.c1c—
857 3633 899 3642 -—
946 3634 986 3641 —
1032 3633 1075 3641 —

225 3735 261 3789 L.
282 3735 313 3788 V.
342 3752 366 3788 v.
386 3739 402 3788 3
421 3733 557 3803 reliquiae
576 3734 689 3789 litterae
709 3737 732 3788 Δ
752 3735 821 3790 eatis
842 3737 917 3790 certo
935 3735 965 3789 in
985 3739 1085 3805 ectypo
1106 3735 1238 3806 dispicio,
1258 3735 1327 3790 item
1346 3753 1371 3790 v.
1388 3735 1449 3789 tin.

132 3831 218 3869 arena
242 3814 356 3869 litterae
381 3816 409 3870 Β.
481 3833 506 3868 v.
528 3821 559 3868 11
572 3817 640 3870 extr.
661 3817 709 3868 ΘΥ
733 3819 852 3882 certum,
876 3815 945 3870 item
969 3835 992 3870 v.
1015 3821 1046 3869 12
1058 3816 1094 3870 in.
1115 3823 1159 3880 Ως
1182 3819 1247 3886 poet
1271 3819 1291 3867 Ν
1315 3815 1450 3884 reliquiae

131 3895 252 3948 litterae
272 3895 293 3948 Κ
312 3893 450 3965 dispicere
468 3895 538 3948 mibi
558 3895 664 3962 videor,
684 3895 785 3950 deinde
805 3899 827 3950 Λ
846 3899 931 3951 anta
950 3896 1084 3964 scriptum
1106 3897 1168 3950 fuit.
1189 3929 1220 3936 -
1243 3896 1325 3950 Initio
1344 3915 1368 3950 v.
1384 3901 1408 3950 ὁ.
1425 3901 1448 3950 6.

131 3986 160 4029 ει.
178 3979 212 4028 10
230 3973 343 4028 litterae
362 3975 471 4030 deletae
489 3975 579 4030 videri
598 3975 761 4045 significavi.

225 4143 291 4203 Hoc
332 4144 463 4205 eiusdem
500 4145 646 4206 fastorum
684 4147 870 4205 monumenti
905 4147 1107 4222 fragmentum
1144 4165 1206 4206 esse
1244 4165 1278 4205 ac
1315 4166 1343 4204 n.
1373 4147 1449 4206 16Β

131 4242 289 4317 Wilhelm,
312 4261 379 4302 cum
402 4245 433 4302 et
456 4243 644 4303 litteraturae
668 4247 698 4302 et
721 4245 878 4304 marmoris
901 4243 990 4320 plane
1013 4244 1092 4304 idem
1115 4263 1207 4322 genus
1231 4263 1293 4303 esee
1317 4245 1449 4303 animad-

133 4343 289 4416 vertisset,
326 4360 442 4400 summa
479 4360 546 4400 cum
582 4340 793 4418 probabilitate
825 4344 941 4401 statuit.
998 4343 1129 4412 Quocum
1163 4343 1275 4419 optime
1312 4345 1450 4402 convenit

133 4442 230 4499 etiam
256 4458 303 4498 ree
331 4440 492 4516 quaedam,
520 4459 596 4515 quae
623 4441 655 4498 in
683 4441 737 4500 hoc
765 4442 932 4518 fragmento
961 4442 1221 4500 commemoratur:
1254 4459 1343 4516 supra
1371 4443 1449 4498 enim

134 4559 164 4596 n.
187 4537 258 4596 16Β
283 4557 309 4596 v.
330 4539 372 4596 20
409 4538 445 4596 de
478 4537 593 4596 theoria
625 4537 770 4614 Delphica
802 4542 832 4597 et
859 4539 895 4598 de
925 4539 1122 4614 divinatione,
1156 4557 1245 4614 quam
1279 4540 1453 4598 Ποθαϊοταί

133 4635 233 4694 atrici
264 4634 475 4710 instituebant,
504 4637 553 4714 agi
580 4635 722 4712 vidimus3
754 4639 815 4695 iam
845 4636 934 4695 iidem
969 4638 1144 4696 Πυθαϊσταί
1173 4637 1222 4698 hic
1250 4658 1276 4697 v.
1299 4642 1336 4696 11
1372 4656 1450 4696 com-

135 4737 348 4793 memorantur.

226 4832 362 4892 Duarum
390 4833 596 4892 columnarum
622 4833 766 4909 reliquias
795 4835 928 4894 servatae
957 4853 1033 4910 esse,
1062 4837 1202 4910 quoniam
1226 4837 1255 4893 et
1283 4853 1302 4892 a
1329 4834 1449 4893 sinistra

134 4933 165 4990 et
185 4949 204 4991 a
224 4929 327 4991 dextra
346 4933 434 4991 notae
454 4931 620 4992 numerales
642 4933 792 5010 leguntur,
816 4936 950 5008 apparet,
974 4932 1026 4991 sed
1044 4937 1130 4992 utrae
1148 4933 1187 4991 ad
1205 4935 1365 5008 praecepta
1384 4934 1450 5007 ipsa

1205 5031 1236 5086 ὁ.
