3450 5458
286 311 349 378 108
804 313 918 370 Lucus
938 313 1077 370 SAORAE

284 484 452 559 antiquilus
485 475 526 562 (v.
553 485 593 542 12
626 480 699 542 κατὰ
731 480 766 543 τὰ
798 475 919 564 ιιότρια)
932 477 969 566 ¹⁸)
1004 486 1227 560 astynomorum
1258 485 1381 562 propria
1412 485 1595 564 designetur.

284 581 399 640 Deinde
418 600 489 642 vero
509 585 680 658 astynomcs
700 601 801 641 curam
816 582 1018 642 aedificiorum
1036 583 1222 660 publicorum
1244 583 1382 644 habuIsse
1401 603 1460 644 non
1478 587 1597 644 rectum

284 682 329 738 est
362 677 411 756 (cf.
440 679 533 739 Arist.
559 672 624 740 'Aa
647 681 721 739 Πολ.
747 673 819 762 50),
852 681 903 740 sed
935 683 1051 740 viarum
1084 700 1185 740 curam
1217 682 1379 757 habebant,
1411 683 1489 742 unde
1521 702 1596 742 cura

284 778 400 838 delubri
422 779 547 838 Veneris
575 778 705 838 derivari
733 781 845 856 nequid.
891 780 955 838 Iam
983 783 1139 857 praeterea
1167 782 1258 839 etiam
1286 780 1454 840 custodiam
1482 781 1513 840 in
1542 780 1597 853 τάς

283 898 312 936 τε
341 875 519 955 αὐλητρίδας
546 874 596 936 καλ
623 875 674 948 τὰς
696 878 841 956 ψαλτρίας
868 875 918 938 καὶ
945 876 996 949 τὰς
1024 878 1227 958 κιθαριστρίας
1251 878 1426 938 exercebant
1449 877 1529 950 ὅπως
1552 877 1596 957 μὴ

284 975 420 1048 πλείονος
447 971 468 1053 ἢ
492 975 575 1035 δυεῖν
599 975 745 1055 δραχμαῑν
773 975 1019 1054 μισθαθήσονται
1041 972 1098 1036 κᾶν
1121 976 1240 1049 ιτλείοος
1266 975 1322 1054 τὴν
1344 975 1439 1054 αὐτὴν
1461 975 1596 1037 emodul-

284 1092 356 1134 σοισι
379 1073 490 1153 λαβεῖν,
513 1065 595 1134 οὗτοι
619 1073 811 1154 διακληροῦσι
829 1072 879 1134 καλ
897 1079 938 1156 τῷ
957 1073 1073 1154 λαχόντι
1091 1079 1263 1154 μισθοῦσιν,
1286 1076 1364 1136 uude
1383 1075 1449 1137 coll.
1466 1075 1594 1154 Diogen.

284 1171 382 1232 Laerl.
406 1172 450 1231 VI
470 1174 511 1232 90
538 1172 698 1250 paullatim
721 1192 837 1233 morum
870 1173 1019 1250 quandam
1048 1159 1202 1232 censuram
1232 1176 1364 1234 evenisse
1396 1177 1457 1233 iarn
1486 1171 1597 1233 Oelrler

285 1266 568 1352 (Pauly-Wissowa
594 1271 625 1330 Π
652 1291 681 1348 p.
706 1264 806 1352 1870)
835 1272 964 1348 collegit.
1020 1270 1127 1330 (Iuram
1160 1272 1254 1349 igitur
1278 1272 1401 1332 Veneris
1426 1271 1596 1350 Πανδήμου

285 1370 402 1429 delubri
421 1368 458 1428 ad
477 1387 526 1429 eos
547 1370 677 1430 delatum
695 1389 758 1430 esse
777 1369 868 1446 probe
886 1371 1081 1448 intellegibur,
1100 1372 1126 1428 si
1144 1387 1229 1428 sacre
1246 1371 1330 1430 illius
1349 1373 1440 1430 fuisse
1454 1370 1595 1450 ραδιουρ-

285 1467 388 1549 γότερα
407 1467 570 1546 Xenophon
595 1471 673 1528 recte
696 1468 772 1528 dixit
794 1468 906 1546 illaque
931 1472 1029 1553 aetate
1047 1470 1217 1529 meretrices
1235 1471 1273 1528 iis
1293 1471 1452 1547 praecipue
1472 1488 1593 1546 operam

284 1566 437 1626 dederunt.

374 1695 401 1733 v.
424 1677 463 1734 22
494 1675 530 1734 de
552 1694 662 1752 pompe
685 1675 795 1734 Veneri
820 1674 973 1758 Πανδήμῳ
998 1674 1132 1735 ducenda
1155 1675 1231 1734 nibil
1255 1676 1374 1734 aliunde
1398 1677 1527 1752 constal,
1557 1675 1595 1734 de

284 1772 380 1832 eullus
409 1777 513 1848 postea
540 1776 651 1833 nutura
673 1774 697 1834 si
726 1777 804 1832 recle
829 1773 915 1833 modo
939 1777 1046 1848 stebui,
1073 1775 1242 1834 meretrices
1266 1793 1393 1850 pompae
1420 1773 1594 1833 interfuisse

284 1871 457 1946 conieceris,
490 1873 526 1930 cf.
555 1871 662 1930 Athen.
687 1872 760 1931 XIII
790 1893 818 1948 p.
844 1875 929 1932 5730
961 1872 997 1932 de
1026 1871 1247 1932 CorinIhIorum
1280 1871 1407 1932 habueris
1439 1871 1476 1930 ad
1509 1889 1596 1930 sacra

285 1969 409 2029 Veneris
442 1969 592 2030 adhibitis.
639 1969 674 2029 V.
696 1972 736 2028 24
769 1969 954 2049 τιεριστερόνι
987 1989 1076 2046 porco
1105 1971 1180 2030 soleb
1208 1970 1343 2044 lustrari,
1375 1969 1424 2030 sed
1459 1971 1530 2045 quia
1562 1968 1594 2027 id

285 2069 397 2126 animal
418 2061 527 2127 Veneri
550 2087 655 2145 parurn
679 2072 798 2146 gratum
821 2069 1000 2143 habebatur,
1026 2069 1093 2128 ideo
1117 2069 1297 2143 columbam,
1321 2089 1410 2146 avem·
1430 2068 1502 2126 dese
1526 2087 1594 2144 gra-

285 2169 440 2242 tissimam,
463 2186 518 2244 pro
540 2185 630 2242 porco
654 2166 814 2226 sacrificari
833 2167 961 2226 Foucarl
984 2169 1105 2242 stetuil3
1128 2166 1179 2226 sed
1201 2167 1300 2243 ipsum
1324 2165 1478 2226 columbae
1501 2168 1594 2225 sacri-

284 2265 384 2324 ficium
407 2268 515 2325 uolatu
538 2265 659 2344 dignum
685 2268 738 2325 est.

372 2393 399 2431 v.
422 2375 462 2432 24
490 2376 678 2451 περιαλεῖψαι
705 2370 775 2445 τοὺς
802 2371 922 2452 βωμοὺς
950 2377 1020 2432 τιτλε
1053 2373 1089 2431 de
1118 2374 1178 2431 aris
1211 2372 1436 2456 simulacrisque
1464 2371 1594 2432 licendis

284 2471 420 2531 lavandis
445 2471 585 2530 ornandis
609 2491 624 2529 e
648 2471 779 2531 DeliacIs
803 2473 990 2548 podssimum
1013 2472 1180 2532 rubi0nIbus
1203 2464 1396 2553 doeemun¹⁴>

373 2695 423 2749 32.
457 2695 566 2750 Tabula
589 2695 889 2750 marmoris'Penbelici
915 2696 950 2749 ab
974 2695 1105 2750 inferiore
1129 2699 1209 2764 parte
1233 2695 1337 2762 fraces,
1361 2695 1390 2748 iu
1410 2695 1593 2765 Asclepieo

167 2772 173 2785 “
284 2776 438 2830 Αδδοαοαοὶ
458 2777 578 2830 inventa.
617 2775 666 2830 Ed.
686 2775 808 2830 Kochler
827 2778 897 2831 cll
916 2776 941 2829 ll
960 2795 986 2846 p.
1003 2782 1054 2829 426
1074 2795 1099 2830 n.
1116 2774 1200 2842 3521),
1220 2774 1323 2830 Michel
1343 2777 1455 2830 Ιλιιαιίλ
1472 2781 1538 2840 68δς
1558 2777 1592 2830 cs.

282 2860 430 2927 praeterea
457 2856 558 2910 Girard
586 2858 793 2926 L'Asclc'pielou
822 2853 968 2912 d’Albducs
994 2876 1021 2927 p.
1046 2862 1092 2924 85,
1121 2855 1223 2912 Koerbe
1255 2856 1338 2912 MAI
1363 2855 1451 2909 XVIII
1479 2875 1506 2926 p.
1532 2861 1593 2915 237.

283 2939 316 2991 A.
328 2937 444 2992 Waltcn
465 2938 528 2993 Gall
545 2939 579 3004 οί
593 2939 732 3006 Asclepios
751 2938 865 3008 (Boeben
886 2941 965 3007 1894)
984 2957 1010 3006 p.
1027 2943 1068 2991 69.

427 3081 485 3136 Ἐπὶ
504 3082 682 3146 Διογείτονος
701 3085 849 3152 ἄρχοντος·
875 3085 919 3137 ἐπὶ
937 3085 987 3148 τῆς
1006 3081 1214 3151 Δηζμητριάδος
1233 3081 1395 3147 δωδεκάτη(
1414 3081 1593 3148 πρυτανείας,

338 3172 366 3238 ἡι
383 3171 387 3240 Ι
403 3173 541 3227 Θεόδοτος
565 3173 704 3239 Θεοφίλου
730 3173 871 3241 Κειριάδης
899 3170 1130 3243 ἐγραμλμότευεν·
1160 3170 1384 3238 (κιροφοριιλινος
1412 3171 1504 3235 δγδδει
1535 3172 1595 3236 μετ’

302 3260 477 3315 ιἰελίκάδας·
507 3263 634 3329 ἐκκληςία
663 3261 757 3328 κυρία
786 3265 844 3313 τῶν
871 3262 1018 3328 προέδρων
1042 3259 1045 3326 Ι
1071 3259 1243 3325 ἐπεψήφιζεν
1271 3260 1417 3326 Διόδωρος
1445 3259 1593 3328 Ἐπιχόρου

339 3351 479 3421 Κόπρρειος
511 3355 556 3406 καί
589 3352 810 3419 ςυμπρδςδ[ρ]οι·
845 3352 938 3404 ἔδοξεν
971 3353 1021 3402 τῶι
1055 3348 1166 3414 δήμιοι·
1202 3347 1363 3415 Ἀκρδτιμος
1391 3348 1499 3415 Αἰςχίου
1530 3349 1594 3403 Ἰκα-

337 3443 411 3508 ριεὺς
430 3437 528 3510 εῑζπενὲ

357 3684 400 3750 13)
420 3685 543 3736 ceterum
562 3682 591 3735 id
610 3680 734 3736 officium
753 3697 848 3734 eorum
867 3681 919 3734 hoc
942 3680 1004 3749 ipso
1023 3679 1135 3732 demum
1155 3677 1267 3731 decreto
1292 3677 1383 3732 denuo
1407 3679 1592 3732 conatibutum

284 3779 345 3818 esse
364 3761 498 3833 suspicor,
518 3780 583 3816 nani
601 3765 666 3832 post
685 3761 790 3816 bellurn
809 3760 954 3814 Lamiense
973 3759 1067 3814 officia
1086 3775 1181 3813 eorum
1200 3757 1235 3810 ad
1257 3773 1440 3828 agorauomos
1455 3759 1593 3814 translata

181 3883 187 3888 ,
284 3860 345 3898 esee
365 3847 507 3898 constete
528 3843 610 3914 Syll.²
628 3849 688 3898 500.

1331 3885 1344 3909 Q

357 3935 401 4002 14)
420 3933 525 4002 optime
545 3933 580 3986 de
599 3949 634 3988 ee
646 3949 676 3987 re
691 3931 751 4004 egil
765 3931 893 3986 Homolle
907 3931 1002 3986 ΒΘΗ
1017 3928 1080 3982 XIV
1094 3947 1121 3998 p.
1137 3933 1264 3996 οπεος,
1278 3927 1353 3982 unde
1368 3944 1402 3982 en
1416 3931 1499 3994 certe,
1520 3945 1592 3997 quae

284 4013 321 4068 ad
340 4012 490 4067 simulacra
508 4014 659 4082 pertinent,
679 4013 835 4068 exscribere
854 4029 869 4066 e
887 4029 917 4066 re
931 4011 1053 4065 videtur:
1075 4009 1150 4064 Ἕλλα
1169 4005 1314 4078 (κόσμησις
1332 4007 1513 4078 ἀγαλμάτων)
1528 4027 1593 4065 cou-

284 4097 347 4150 elec
365 4094 437 4148 dures
454 4111 493 4146 ιιιι
513 4096 608 4164 louape
626 4096 643 4148 d
663 4095 734 4149 λοαιι
752 4095 887 4164 νιέλαιιρόα
906 4093 938 4146 cle
956 4094 1040 4158 lubre,
1063 4107 1127 4146 doec
1150 4087 1196 4143 dee
1218 4089 1345 4160 σ’ροιιριι,
1364 4091 1431 4157 puls
1449 4089 1521 4146 dorse
1539 4109 1593 4146 ιιιιι

283 4176 398 4242 frictioc
420 4175 438 4228 ἀ
461 4175 552 4228 λ’λιιιιλα
575 4181 599 4230 el
623 4175 640 4228 ἀ
664 4177 692 4230 λα
715 4177 783 4242 σίνε,-
811 4191 888 4245 cup
916 4174 1008 4242 ajoule
1030 4187 1104 4241 pou-r
1122 4170 1268 4240 parfumer
1292 4170 1315 4222 le
1333 4170 1439 4225 murdre
1457 4188 1491 4223 αα
1510 4171 1592 4227 miluc

285 4262 369 4323 iemps
387 4255 468 4323 qu'on
488 4255 511 4308 le
529 4257 626 4310 ueltoie
645 4263 670 4311 et
689 4256 830 4322 l'erubellit,
849 4274 888 4310 αιι
907 4259 1025 4324 cleperent
1044 4252 1062 4304 ὰ
1081 4251 1109 4304 lc
1127 4266 1192 4304 rose.
1228 4249 1304 4304 Voics'
1321 4249 1431 4318 ἄορνον
1444 4250 1481 4304 les
1499 4251 1593 4308 aclas

285 4335 318 4390 de
339 4335 509 4402 fournituree
532 4335 560 4389 λα
579 4341 721 4391 naturaei
743 4337 772 4390 la
786 4337 950 4406 proportiove
972 4333 1019 4388 dee
1036 4333 1192 4386 substances
1214 4329 1373 4398 emplopc'ee:
1401 4327 1543 4400 Κόσμησις
1561 4334 1593 4388 de

286 4415 315 4468 λα
332 4421 421 4469 statue
439 4415 471 4469 de
490 4416 576 4482 Heba,
596 4417 709 4486 ἐμοιιςοο
727 4413 865 4487 (σφόγγοι)
901 4455 1083 4468 ......
1111 4417 1124 4463 l
1145 4410 1192 4464 Dr.
1214 4442 1246 4448 —

602 4497 717 4566 parsum
737 4495 838 4564 (μόρον
857 4493 1013 4567 όόὸινον).
1044 4537 1048 4546 .
1080 4537 1083 4546 ,
1111 4496 1126 4544 3
1159 4532 1175 4556 „
1212 4489 1291 4544 dob.

605 4583 698 4632 autres
714 4577 884 4644 λοστ-νίσοντο
902 4615 1085 4630 ......
1085 4651 1104 4656 „
1110 4576 1126 4623 6
1159 4612 1175 4637 ιι

287 4761 321 4815 cf.
345 4765 492 4831 praeberes
519 4779 542 4818 e.
558 4782 583 4834 g.
608 4782 633 4817 ι.
654 4769 688 4818 92
713 4764 905 4834 ἱιιοοτίρδλοοίο
933 4763 999 4818 anni
1028 4767 1092 4816 279:
1120 4767 1171 4814 τοῦ
1197 4755 1363 4827 Ἀρτεμισίου
1390 4761 1430 4822 εἰς
1456 4759 1592 4832 κόσμησιν

287 4838 384 4910 νίτρον
408 4844 452 4908 ΙΙΙΙ,
480 4841 599 4913 σφόγγοι
623 4848 668 4912 ll,
697 4844 791 4900 ἔλαιον
814 4852 880 4914 χοῦς
907 4842 1025 4915 ἡμίγονν
1051 4845 1138 4908 still,
1165 4835 1243 4906 λίνογ
1266 4839 1315 4892 καλ
1340 4841 1425 4908 κηρὸς
1448 4844 1478 4895 llll
1502 4844 1592 4912 μόρον

288 4919 402 4991 ρ’όδινοι·
421 4923 498 4990 παρὰ
517 4923 683 4992 Κωμωιιλίας
702 4931 730 4980 F.
769 4924 808 4978 Cf.
824 4924 911 4980 etiam
926 4924 1032 4980 Vince.
1048 4922 1099 4978 VH
1118 4929 1170 4990 9,3
1189 4929 1219 4981 ed
1236 4919 1307 4972 Plin.
1323 4919 1356 4974 N.
1367 4920 1401 4976 H.
1417 4927 1459 4991 33,
1471 4928 1530 4978 122.
