3450 5458
286 319 350 384 156
804 319 918 376 Lucas
936 317 1077 375 SAORAE

420 484 509 549 θεοί·
532 485 624 563 τύχαι
644 483 769 559 ἀγαθᾶι.
807 483 875 550 Ἐπὶ
893 489 999 550 τοῖτδε
1018 485 1152 563 ἀνέθηκε
1171 484 1449 574 Ἀ[γ]αείγρατιε1)
1471 489 1474 572 Ι
1497 488 1599 572 [Τε]ι-

339 591 444 672 τία<ι>
462 594 520 655 τῶι
534 591 706 656 Ποεειθᾶνι
726 590 880 670 ἀργυρίου
900 593 1043 670 δραχμὰε
1056 594 1236 670 τριακοείαε
1250 592 1339 678 tituto
1354 614 1389 658 τε
1409 594 1601 678 [α]ὐεαυτᾶε

341 700 393 762 καὶ
415 702 474 762 τοῦ
499 696 618 776 ἀνδρὸς
638 697 813 777 (ῶφὰνεοε
836 699 887 762 καὶ
910 701 969 762 τού
993 697 1073 783 ultori
1093 698 1297 780 (ωειφάνεοε
1319 699 1398 783 [κ]αὶ
1420 705 1480 765 τᾶν
1498 708 1600 778 θυγα-

305 805 443 883 οτέρων
478 805 657 883 Νικαγόραε
690 805 741 868 καὶ
773 802 1062 888 Ἀριεύζτο[κ]ᾈείαε,
1101 805 1181 870 ῶετε
1214 806 1301 871 θύειν
1336 811 1393 871 τῶι
1423 808 1601 873 Ποεειθᾶνι

341 910 407 975 ἀπὸ
426 914 485 976 τοῦ
504 911 726 993 θιαφόρου<ε>
743 908 747 995 Ι
762 911 881 989 ἱερεῖον
900 913 1025 977 τέλειον
1044 913 1096 976 καὶ
1114 917 1171 977 τῶι
1186 915 1242 978 Διὶ
1260 917 1317 977 τῶι
1338 913 1459 997 (ωτῆρι
1477 915 1599 994 ἱερεῖον

341 1019 473 1092 τέλειον,
495 1017 499 1100 l
522 1016 661 1101 βω[μ]όν
685 1015 1025 1100 ἐτταμένουεῦααρὰ
1047 1021 1108 1083 τὰν
1132 1019 1241 1084 εἰκόνα
1264 1024 1322 1084 τού
1347 1019 1466 1099 ἀνδρόε
1489 1023 1598 1106 adpulit

342 1124 517 1204 (υιφόνεοτ
546 1125 596 1188 καὶ
623 1125 661 1188 τό
690 1125 806 1188 λοιπόν
829 1129 888 1190 τοῦ
919 1127 1081 1206 διαφόρου
1105 1125 1340 1210 καταχρῆτΙθαι·
1373 1129 1461 1192 θύειν
1485 1129 1599 1193 othni

290 1247 322 1294 ιο
341 1235 438 1309 τριῶν
463 1231 563 1295 ἐτέων
592 1231 626 1294 ἐν
654 1235 712 1294 τῶι
736 1229 930 1309 Ἀρτεμιτίωι
953 1231 964 1316 ΙΙ
987 1234 1060 1311 μηνὶ
1088 1234 1219 1311 ἑβδόμαι
1247 1234 1430 1312 ἱτταμένου·
1457 1235 1534 1300 τοὺ(
1563 1237 1600 1300 δὲ

342 1338 533 1416 ἐπιμελητὰε
556 1335 676 1421 τ[οὺ]ύε
700 1338 884 1416 αἱρεθέντα(
908 1338 1005 1404 τότε
1029 1340 1128 1404 λοιπὰ
1151 1339 1362 1417 ἐπιμελεῑτθαι
1391 1339 1436 1404 ῶε
1459 1339 1509 1406 ότι
1533 1341 1598 1426 χο)-

342 1445 490 1523 ριέετατα
512 1445 564 1508 καὶ
587 1443 648 1508 όκα
676 1465 715 1508 κα
745 1444 765 1508 ἁ
793 1445 883 1509 tucio
905 1443 945 1524 ἦι,
969 1445 1026 1509 τότ
1052 1465 1087 1510 τε
1098 1443 1123 1526 ³)
1154 1445 1280 1512 εἰκόνα(
1307 1448 1449 1526 καθαρὰ(
1469 1449 1474 1529 Ι
1495 1452 1601 1512 ποιεῖν

343 1553 399 1617 τὰ(
433 1551 484 1615 ἐπὶ
513 1555 570 1614 τᾶ(
598 1547 760 1632 serapam)
785 1553 836 1615 καὶ
859 1552 919 1616 τὰν
943 1551 979 1617 ἐν
1002 1557 1060 1616 τῶι
1087 1556 1168 1616 ναῶι
1196 1553 1256 1617 τὰν
1279 1553 1527 1638 ἈΙγαειγράτιοε
1550 1555 1602 1618 καὶ

291 1673 322 1722 15
343 1655 557 1738 creouvoirv⁶)
581 1658 626 1721 ῶε
649 1657 698 1721 ότι
722 1659 925 1736 χαριὲετατα·
958 1659 1009 1722 καὶ
1037 1659 1106 1724 ἐπεί
1124 1658 1135 1742 ll
1153 1681 1193 1723 κα
1220 1661 1277 1724 τόν
1307 1661 1408 1735 λόγον
1436 1660 1603 1726 ἀποδῶντι

342 1769 401 1830 τοῦ
439 1764 663 1842 ἀναλώματος,
702 1766 879 1842 ποτομόεαι
917 1764 946 1829 εἴ
974 1762 979 1850 Ι
1009 1763 1104 1852 μὰνθ)
1142 1766 1247 1845 όρθῶε
1285 1768 1335 1830 καὶ
1372 1767 1503 1832 δικαίωε
1534 1767 1602 1832 ἐπι-

344 1875 541 1950 μεμελῆτθαι.
585 1870 589 1957 l

379 2012 568 2089 Agasigratis
602 2011 700 2070 Tisias
737 2011 800 2071 filia
841 2029 896 2087 pro
929 2011 1080 2086 Sophane,
1121 2011 1230 2071 marito
1267 2020 1399 2082 mortuo,
1440 2011 1604 2087 liberisque

292 2111 357 2169 300
394 2109 550 2167 drachmas
587 2109 741 2185 Neptuno,
787 2110 842 2169 deo
879 2109 994 2168 insulae
1032 2107 1188 2168 Calauriae
1226 2101 1403 2190 principii),
1444 2108 1605 2182 dedicavit,

291 2207 369 2266 undo
393 2225 411 2264 a
434 2206 619 2266 curatoribus
647 2207 782 2267 creandis
814 2209 904 2266 tortio
933 2225 1052 2283 quoque
1081 2225 1159 2266 anno
1183 2206 1210 2264 d.
1229 2207 1289 2266 VH
1316 2207 1426 2267 mensis
1448 2207 1606 2266 Artamitii

291 2305 431 2381 Neptuno
455 2303 580 2380 Iovique
604 2304 755 2364 Salvatcri
782 2307 879 2364 maior
900 2305 1001 2363 hostia
1023 2307 1142 2381 utrique
1165 2304 1250 2364 fieret
1277 2309 1308 2364 et
1330 2305 1489 2364 simulacra
1513 2324 1604 2381 quae·

292 2403 360 2462 dam
384 2403 516 2462 familiae
541 2407 727 2462 ornarentur.
773 2403 821 2460 Ad
845 2403 1030 2461 simillimm
1053 2402 1243 2479 eiusdemque
1266 2406 1302 2462 ut
1325 2402 1443 2462 videtur
1469 2403 1606 2461 familiae

292 2501 483 2560 donationem
507 2502 615 2559 titulus
637 2501 791 2577 proximus
814 2521 842 2559 n.
860 2502 900 2560 53
924 2502 1063 2576 pertinet.

381 2598 451 2656 Ἠ)
480 2594 540 2659 ἀπὸ
567 2606 620 2658 τοῦ
648 2598 810 2678 όιαρόρουε
842 2617 962 2658 usuram
992 2598 1201 2658 drachmarum
1229 2602 1430 2658 trecentarum
1457 2601 1538 2657 recta
1560 2600 1605 2657 in·

292 2696 410 2775 tellegit
432 2696 494 2772 nr,
519 2715 594 2772 quae
618 2716 653 2754 ax
677 2698 838 2756 centesima
860 2703 925 2755 tum
947 2697 1009 2756 fare
1033 2695 1170 2756 sollemni
1188 2699 1362 2772 computata
1381 2697 1542 2772 quotannis
1564 2697 1604 2755 36

293 2796 452 2854 intortio
471 2813 590 2871 quoque
614 2813 692 2853 anno
718 2796 758 2853 72
783 2794 938 2854 drachmas
960 2793 1060 2868 efficit,
1084 2794 1193 2870 quibus
1211 2794 1363 2854 commode
1382 2793 1458 2854 duaa
1477 2795 1606 2853 maiores

293 2893 453 2952 hostiaa—
464 2897 585 2968 excepto
600 2894 741 2951 nimirum
756 2911 862 2971 genere
876 2892 1032 2951 bovillo-
1043 2910 1227 2968 coronaeque
1241 2891 1409 2967 comparari
1423 2885 1606 2971 poterant.⁸)

382 2990 453 3048 Ἡ
479 2984 612 3069 βω[μ]όν
635 2987 827 3066 ἕσσαμένουςι
858 2990 993 3050 neutrius
1016 2991 1110 3069 igitur
1132 2990 1248 3049 hostiae
1271 2989 1447 3050 sacrificium
1470 2989 1502 3046 in
1526 2989 1609 3049 Iovis

295 3094 348 3148 aut
369 3087 503 3165 Neptuni
527 3107 580 3146 ara
601 3087 720 3164 publice
743 3090 916 3147 consecrata
939 3088 985 3160 fit3
1017 3089 1079 3148 iam
1107 3105 1174 3146 uum
1202 3087 1338 3162 accedat,
1370 3092 1405 3146 ut
1431 3087 1505 3146 haec
1528 3106 1610 3146 nova

295 3206 348 3246 ara
370 3183 449 3266 παρὰ
472 3183 526 3245 τόν
546 3185 647 3246 εἰκόνα
670 3193 721 3245 τού
744 3183 854 3264 ἀνδρὸς
877 3184 968 3258 αὐτᾶς
986 3185 1152 3261 Σωφάνεος
1175 3187 1376 3246 constituatur
1399 3188 1429 3243 et
1451 3203 1520 3244 cum
1538 3184 1607 3244 deo·

294 3305 361 3344 rum
384 3285 469 3344 cultu
492 3301 564 3343 cura
587 3283 813 3343 simulacrorum
835 3285 970 3343 familiae
992 3286 1205 3361 coniungatur„
1228 3301 1412 3359 quamquam
1434 3301 1495 3342 non
1518 3282 1608 3342 modo

295 3386 362 3460 ipsa
385 3382 507 3442 donatio
531 3382 585 3442 dco
609 3386 812 3454 consacratur,
840 3383 891 3442 sed
919 3381 1009 3440 ctiam
1033 3382 1173 3441 victimae
1200 3380 1246 3440 dis
1269 3381 1477 3455 immolantur,
1504 3385 1608 3439 tamen

296 3499 442 3540 summam
466 3487 496 3539 et
518 3499 620 3538 veram
644 3478 813 3539 donationis
836 3481 983 3539 rationem
1007 3499 1073 3538 eam
1095 3497 1166 3555 esse,
1189 3485 1226 3537 ut
1248 3479 1381 3538 familiae
1400 3478 1524 3554 quidam
1543 3479 1607 3537 cul·

296 3585 345 3638 tus
363 3581 553 3652 instituatur,
576 3577 717 3654 suspicor.
755 3576 833 3637 Sane
852 3579 930 3636 inter
948 3577 1037 3637 huius
1055 3577 1137 3637 modi
1155 3577 1270 3636 cultum
1288 3581 1319 3636 et
1336 3577 1415 3637 inter
1433 3577 1549 3636 cultum
1569 3575 1607 3636 ab

297 3679 437 3753 Epicteto
459 3678 645 3752 institutum,
670 3695 729 3751 quo
753 3675 840 3736 sociis
864 3675 996 3734 familiae
1020 3674 1167 3734 defunctis
1189 3675 1262 3751 ipsis
1286 3675 1382 3734 divini
1403 3674 1530 3734 honores
1553 3677 1610 3732 im·

297 3777 488 3851 pertinentur,
508 3774 696 3850 aliquantum
711 3774 863 3832 intererat.
897 3773 954 3832 Sed
973 3793 1036 3832 rem
1055 3774 1123 3833 hinc
1142 3773 1213 3832 illuc
1231 3791 1419 3849 progressam
1437 3791 1500 3832 asse
1519 3772 1610 3831 facile

388 3947 413 4008 1)
441 3943 492 4010 ita,
510 3959 567 3997 non
585 3943 682 3996 littera
702 3945 720 3995 Κ
738 3959 840 3997 nomen
859 3943 888 3995 in
906 3941 1003 4011 lapide
1022 3942 1157 4012 scriptum
1176 3958 1237 3996 esse
1255 3942 1300 3995 Fr.
1317 3944 1447 3996 testatur.

388 4028 414 4092 θ)
443 4024 527 4090 haec,
551 4039 623 4093 quac
641 4023 685 4076 W.
706 4026 735 4077 et
754 4023 798 4092 Kj.
817 4023 874 4077 iam
893 4038 908 4077 e
926 4023 1011 4077 titulo
1034 4023 1161 4093 proximo
1184 4023 1380 4090 restituerant,
1404 4021 1526 4075 nuncin
1546 4020 1610 4090 ipso

299 4105 395 4173 lapide
414 4107 614 4174 apparuerunt.
1413 4141 1417 4148 .

389 4187 415 4252 θ)
439 4185 561 4236 ΤΑΣΔΕ
580 4182 683 4249 Latias,
702 4199 768 4237 vera
786 4183 897 4238 demum
918 4199 1002 4251 quam
1017 4182 1138 4236 Frtnlral
1157 4181 1258 4236 statuit
1276 4181 1398 4236 lectione
1415 4181 1503 4235 totius
1523 4195 1610 4234 enun-

299 4263 365 4319 tiati
384 4267 555 4318 structuram
573 4267 648 4318 racto
668 4279 778 4318 currere
797 4266 884 4333 patet.

389 4347 416 4413 4)
444 4344 497 4397 hoc
516 4359 576 4398 esse
595 4343 623 4396 in
643 4343 738 4414 lapide
757 4345 879 4398 testatur
897 4343 955 4412 Fr,
978 4342 1069 4396 Lebas
1087 4343 1159 4396 miro
1183 4346 1211 4397 et
1235 4341 1372 4411 singulari
1390 4355 1482 4396 errore
1501 4341 1533 4396 dv
1551 4341 1611 4396 ἐπι-

301 4423 478 4493 φανεστάτου
497 4423 612 4494 legarat.
853 4443 855 4446 ’

390 4509 415 4570 5)
434 4503 536 4557 salsam
555 4504 667 4558 Lebasii
684 4505 834 4559 lectionem
850 4505 1056 4560 ΕΠΙΦΑΝΟΥΝ
1077 4502 1184 4557 emend.
1200 4502 1257 4554 iam
1276 4501 1387 4571 pridem
1401 4499 1465 4555 Keil
1480 4505 1509 4554 ct
1526 4500 1610 4553 huius

301 4585 417 4654 ignarus
430 4582 629 4638 Wilamowitz.

392 4667 418 4732 6)
447 4665 503 4718 ,ΑΝ
522 4664 597 4730 Leb,
619 4683 715 4720 verum
733 4667 840 4734 primus
860 4665 931 4718 vidit
949 4663 1075 4719 schulze.

393 4748 418 4810 7)
442 4743 595 4798 scrantur
613 4765 640 4815 p.
657 4751 717 4814 373,
736 4747 772 4800 de
790 4745 896 4815 templo
916 4748 995 4799 eruto
1016 4745 1099 4799 MAI
1114 4741 1164 4795 XX
1182 4761 1209 4812 p.
1226 4748 1277 4796 268
1286 4759 1345 4810 sqq.

391 4827 418 4892 8)
442 4823 477 4878 cf.
497 4839 520 4878 c.
535 4842 561 4894 g.
581 4825 673 4895 pratia
691 4841 764 4894 quaa
782 4827 812 4880 in
835 4825 928 4880 titulis
947 4824 1010 4879 Cois
1028 4841 1054 4876 n.
1072 4828 1121 4876 131
1142 4824 1171 4876 at
1188 4840 1216 4876 n.
1232 4829 1283 4876 138
1307 4821 1432 4874 eiusdem
1455 4820 1514 4875 fara
1534 4824 1612 4875 aeta-

302 4903 340 4956 tis
359 4905 515 4957 occurrunt.
