3434 5464
252 335 319 401 298
772 332 884 388 LEGES
904 332 1044 388 SAGRAE

342 502 492 584 σπλάγχνα
511 499 546 562 τά
564 500 607 575 είς
625 506 736 581 χεῖραςε
759 521 827 562 cum
844 521 891 562 res
910 501 1013 562 divine
1036 501 1136 577 fiebat,
1159 521 1260 563 omnes
1280 503 1332 578 qui
1351 502 1477 562 ederunt
1494 505 1566 562 exte

252 603 420 681 gustavisse
448 593 610 682 constat⁴);
643 603 817 678 gustaturos
845 604 948 659 sutem
974 601 1112 660 sollemni
1135 599 1265 676 quedam
1292 601 1473 660 caerimonis
1495 605 1567 662 exte

252 699 390 760 menibus
414 699 525 776 cepisse
548 701 729 758 testimoniis
756 698 861 775 paucis
884 700 973 758 certis
1000 700 1100 757 tsmen
1128 697 1329 777 colligendum
1351 701 1409 773 est,
1437 699 1474 758 cl.
1496 717 1566 758 cum

253 791 363 857 Herod.
376 797 421 856 Vl
440 798 481 857 67
505 795 605 868 θύσας
628 793 660 856 δὲ
684 789 738 874 τήν
762 793 872 875 μητέρα
894 793 1021 856 ἐκάλεσε·
1051 792 1217 877 ἀπικομένῃ
1241 791 1273 856 δὲ
1297 803 1331 878 τῇ
1355 793 1443 876 μητρί
1467 793 1567 868 ἐσθεὶς

252 893 282 968 ἐς
305 893 356 967 τὰς
378 893 476 975 χεῖράς
498 895 531 955 ol
549 903 609 955 τῶν
633 893 806 974 σπλάγχνων
829 890 1010 953 menstruos
1032 897 1102 972 κτλ,
1124 897 1190 952 tum
1212 894 1365 970 Aristoph.
1385 913 1431 954 αν.
1450 895 1529 954 518ε

342 1019 381 1087 ἵν’
409 1026 479 1087 ὅταν
501 1026 590 1088 θύων
612 1049 656 1100 τις
679 1020 767 1088 ἔπειτ’
793 1023 894 1098 αὐτοῖς
917 1023 947 1097 ἐς
969 1023 1024 1104 τὴν
1046 1018 1130 1105 χεῖρ’,
1153 1023 1198 1098 ὡς
1220 1025 1331 1104 νόμος
1353 1023 1459 1104 ἐστίν,

341 1122 377 1184 τὰ
400 1124 551 1206 σπλάγχνα
574 1125 657 1209 διδῷ,
680 1133 733 1185 τοῦ
753 1124 826 1196 Διὸς
848 1121 933 1185 αὐτοὶ
955 1121 1091 1204 πρότεροι
1113 1122 1148 1184 τὰ
1172 1123 1323 1204 σπλάγχνα
1341 1123 1479 1204 λάβωσιν.

252 1251 423 1328 ibidemque
445 1270 472 1309 v.
495 1251 572 1310 975:

457 1363 507 1426 καί
531 1365 644 1444 φιάλην
668 1365 775 1426 δοῦναι
797 1363 847 1425 καί
870 1364 1043 1446 σπλάγχνων
1066 1357 1137 1446 χεῖρ’
1163 1363 1327 1443 recusem.

252 1499 387 1559 Eundem
415 1499 454 1559 sd
480 1520 544 1559 rem
570 1500 658 1559 huius
686 1499 771 1558 tituli
792 1499 883 1559 verbs
911 1497 1062 1579 σπλάγχνα
1089 1496 1124 1557 τὰ
1152 1497 1194 1570 είς
1217 1502 1315 1580 χεῖρας
1342 1502 1476 1575 spectare
1499 1519 1568 1575 per-

252 1616 373 1658 suasum
396 1597 499 1674 habeo,
523 1617 558 1658 cc
576 1598 602 1658 si
620 1599 688 1675 quis
707 1600 840 1674 quaeret,
864 1615 916 1656 cur
934 1599 998 1657 eius
1016 1599 1069 1671 rei,
1092 1615 1169 1673 quse
1187 1616 1241 1672 per
1259 1615 1291 1656 se
1309 1595 1447 1675 intellegi
1465 1597 1567 1656 vides-

252 1699 311 1770 tur,
334 1695 388 1755 fici
411 1697 532 1755 omnino
560 1696 687 1770 mentio,
713 1697 883 1755 meminisse
907 1698 1026 1772 oportet
1053 1693 1232 1772 quibusdum
1254 1695 1328 1754 locis
1350 1695 1495 1754 maiorem
1518 1714 1568 1754 ex-

252 1797 353 1854 torum
376 1796 492 1870 purtem
515 1794 717 1854 sacerdotibus
741 1794 843 1853 cedere
866 1793 987 1853 solitum
1010 1811 1072 1852 esse
1096 1793 1180 1853 velut
1201 1792 1406 1853 Helicsmessi
1427 1785 1567 1874 (n155)

252 1895 283 1951 et
305 1891 366 1951 Issi
389 1883 431 1974 (n.
454 1883 532 1972 162)
556 1895 673 1968 purtem
696 1894 848 1968 quartum,
875 1891 954 1950 unde
983 1891 1168 1970 intellegitur
1191 1891 1277 1966 olibi,
1299 1895 1335 1950 ut
1356 1891 1567 1950 tantummodo

251 1987 287 2049 τὰ
309 1987 352 2062 εἰς
374 1993 471 2069 χεῖρας
494 1989 670 2067 acciperent,
694 1989 802 2050 diserte
824 1979 1000 2071 proecipi⁵)

343 2086 448 2168 μερίδα
475 2085 613 2168 σίνρεωνε
647 2089 683 2147 cf.
705 2088 793 2147 Prott
820 2088 888 2147 n.5
913 2079 997 2169 (coi)
1019 2107 1046 2146 v.
1068 2087 1109 2146 52
1143 2085 1293 2171 θυαφόρρ)
1320 2117 1365 2130 -
1393 2119 1436 2127 -
1468 2086 1567 2147 νώτου

255 2183 380 2264 σίκρεας.
426 2184 609 2261 Duplicandi
632 2187 784 2246 notionem
807 2185 838 2243 in
860 2184 917 2244 hec
940 2203 1012 2245 voce
1035 2185 1075 2244 sd
1097 2203 1229 2260 carnem,
1253 2204 1313 2244 non
1336 2185 1375 2244 sd
1396 2185 1567 2261 portionem

251 2283 357 2342 referri
378 2284 542 2342 rectissime
565 2283 776 2362 Dittsnberger
799 2286 905 2342 notatu
928 2281 1052 2360 dignum
1075 2281 1196 2343 censuit.
1239 2281 1324 2342 Unde
1347 2280 1378 2341 id
1401 2281 1482 2359 qnod
1504 2283 1568 2342 ism

252 2399 319 2439 en.
341 2383 380 2442 29
410 2379 530 2459 collegi,
563 2381 708 2441 vocabulo
735 2382 817 2460 μερίς
843 2399 903 2441 non
926 2382 1201 2457 singultuosorum,
1233 2381 1286 2440 sed
1314 2399 1379 2440 eum
1403 2380 1569 2459 significari

251 2479 430 2554 portionem,
449 2497 539 2555 qusm
557 2480 617 2555 ipsi
637 2481 795 2538 vernacule
813 2479 987 2538 =Pcrtico
1005 2479 1200 2555 appellemus,
1219 2496 1296 2554 quse
1314 2477 1450 2555 pluribus
1470 2481 1567 2538 curni-

251 2575 307 2634 bus
335 2575 413 2635 effici
440 2578 559 2652 poterut
586 2581 617 2636 et
640 2577 769 2652 solebat,
800 2577 1005 2652 confirmatum
1036 2578 1073 2635 cf.
1097 2579 1190 2636 etism
1212 2595 1314 2636 rocem
1338 2575 1450 2649 δείσιας
1471 2585 1568 2656 κρεῶν

251 2675 338 2732 1124
363 2675 394 2732 et
416 2692 493 2750 quse
515 2675 559 2734 ibi
581 2675 679 2734 attuli.
700 2707 742 2716 —-
761 2675 896 2750 Pernam,
920 2693 1011 2751 quem
1033 2675 1121 2753 longe
1144 2675 1268 2751 plurimi
1286 2675 1371 2734 tituli
1388 2676 1468 2734 inter
1486 2693 1566 2735 emo-

251 2771 385 2830 lumenta
408 2771 570 2833 sucerdotis
593 2777 833 2850 commemorant,
856 2773 905 2832 hic
928 2772 1027 2832 deesse
1051 2771 1226 2848 notandum,
1253 2773 1304 2832 sed
1327 2773 1489 2832 tenendum
1512 2792 1566 2848 pro

253 2887 289 2928 ee
312 2871 343 2928 et
365 2869 484 2946 lingnus
507 2873 539 2928 et
561 2870 710 2947 duplicem
733 2889 851 2930 carnem
874 2870 976 2930 tribui.

341 2966 377 3024 V.
395 2968 412 3025 9
432 2965 628 3047 ἐπαγγειλάτω
648 2964 679 3028 δὲ
698 2963 714 3027 ό
733 2967 821 3028 θύων
839 2977 891 3028 τῶι
910 2968 984 3048 ίερεῖ
996 2971 1069 3027 sris
1088 2967 1152 3028 sine
1171 2968 1324 3028 secerdote
1340 2960 1456 3048 nefssl)
1476 2970 1567 3028 secri-

251 3063 339 3123 ficsre
367 3067 434 3139 sut,
466 3065 492 3125 si
519 3067 545 3125 is
573 3065 670 3140 obest,
702 3066 822 3126 homine
849 3085 924 3143 opus
953 3069 1011 3140 est,
1043 3067 1095 3143 qui
1122 3085 1177 3143 pro
1203 3085 1238 3126 eo
1261 3065 1360 3126 officio
1387 3066 1567 3126 sacerdotali

252 3161 396 3239 simgitnr.
434 3162 500 3222 Huc
522 3163 601 3223 enim
625 3163 842 3242 significatione
865 3164 988 3223 verbum
1010 3168 1207 3243 προιερᾱσθαι
1230 3164 1291 3224 dici
1310 3165 1475 3224 certissimo
1495 3183 1567 3223 con-

253 3263 316 3321 stet
337 3262 509 3322 testimonio
535 3262 621 3322 tituli
647 3262 825 3339 Pergameni
846 3283 875 3322 n.
897 3265 958 3322 191
984 3283 1011 3322 v.
1033 3264 1072 3321 13
1085 3255 1111 3342 ἵ)
1139 3281 1234 3338 neque
1262 3263 1357 3340 igitur
1383 3261 1447 3322 ulls
1475 3279 1566 3322 csuss

342 3487 368 3554 4)
396 3501 452 3538 non
475 3483 559 3539 modo
583 3485 660 3554 opud
678 3485 832 3540 Homerum
859 3484 958 3555 (αὐτὰρ
986 3485 1047 3541 ἐπεί
1074 3485 1147 3540 κατὰ
1169 3493 1245 3556 μῆρα
1267 3484 1323 3555 κάη
1346 3486 1395 3540 καί
1418 3483 1566 3556 σπλάγχνα

251 3563 401 3635 πάσαντο),
431 3564 481 3618 sed
504 3565 592 3619 etism
616 3566 692 3636 apud
714 3567 883 3636 posteriores
907 3566 1057 3635 scriptores
1081 3565 1211 3635 frequens
1234 3566 1295 3621 eius
1317 3566 1359 3620 rei
1382 3565 1489 3620 mentio
1507 3567 1564 3620 est:

251 3644 394 3713 Aristoph.
414 3643 478 3699 Pac.
500 3651 568 3699 1105
597 3646 761 3716 σπλάγχνων
784 3655 886 3716 μοῖραν
910 3645 1008 3715 ὄρεξον
1031 3649 1061 3700 et
1089 3651 1157 3701 111⁶
1181 3645 1232 3717 ἄγε
1255 3644 1305 3714 δή,
1332 3643 1451 3714 θεαταί,
1479 3649 1563 3714 δεῦρο

252 3725 488 3796 συσπλαγχνεύετε
506 3725 575 3795 μετὰ
592 3730 660 3800 νῷν,
679 3726 713 3782 cf.
732 3727 881 3796 praeterea
899 3725 1135 3796 Aristoph.Vesp.
1150 3732 1216 3794 6154,
1235 3727 1284 3780 Ar.
1300 3730 1366 3792 984,
1390 3725 1496 3796 Diphil.
1517 3743 1563 3796 sp.

251 3803 353 3858 Athen.
364 3803 415 3858 VII
434 3805 509 3858 292b
529 3805 565 3875 (Π
584 3807 685 3878 scell),
705 3806 786 3861 Dion.
801 3806 864 3862 Hal.
879 3805 937 3860 As.
952 3806 965 3860 I
979 3812 1049 3872 40‚4
1069 3807 1139 3877 (liv.
1154 3805 1175 3874 1,
1186 3809 1221 3876 ⁷),
1240 3807 1342 3861 Athen.
1357 3806 1395 3860 IX
1409 3811 1461 3862 410
1469 3807 1496 3860 b.

341 3887 368 3954 ὁ)
395 3887 491 3938 utrum
509 3885 574 3954 Lyc.
589 3886 684 3942 Leocr.
699 3892 733 3940 20
757 3884 774 3955 ἦ
798 3885 935 3958 λαβόντας
956 3885 992 3940 τὰ
1015 3885 1078 3955 ἱερὰ
1099 3886 1172 3941 κατὰ
1194 3887 1244 3942 τόν
1262 3884 1351 3956 νόμον
1373 3884 1564 3955 ἐξομόσασθαι

252 3965 281 4018 et
300 3963 398 4018 Aesch.
414 3963 493 4019 1114
511 3967 606 4036 λαβὼν
625 3967 665 4029 είς
682 3966 733 4036 τὴν
752 3967 854 4022 ἑαυτοῦ
872 3975 951 4038 χεῖρα
969 3965 1005 4020 τὰ
1024 3959 1086 4034 ἱερὰ
1104 3967 1154 4022 καί
1173 3965 1278 4037 όμόσας
1295 3970 1351 4022 κτλ.
1372 3969 1437 4021 exta
1451 3983 1489 4021 an
1502 3981 1564 4022 ear-

251 4059 301 4096 nes
325 4047 418 4099 sectse
441 4045 584 4112 dicuntur,
609 4046 708 4101 dubito
726 4046 772 4117 (cf.
788 4045 903 4117 Stengel
922 4049 997 4102 Berl.
1012 4047 1086 4102 Ρίιιλ.
1102 4047 1287 4102 Woclsenechr.
1308 4052 1378 4101 1904
1396 4065 1423 4117 p.
1439 4052 1489 4101 911
1501 4053 1564 4118 sq).

251 4121 357 4192 Utique
376 4124 452 4194 qnod
465 4123 664 4198 Dittenberger
681 4127 727 4182 his
745 4127 855 4182 duobus
873 4127 943 4182 locis
962 4129 1116 4181 commotus
1134 4127 1335 4182 caerimoniam
1349 4130 1414 4182 exte
1431 4126 1564 4182 menibus

251 4203 367 4258 tenendi
386 4221 442 4260 non
460 4205 516 4260 nisi
534 4206 564 4261 in
583 4207 678 4274 sceris,
698 4222 771 4277 quse
790 4207 860 4262 iuris
878 4207 991 4262 iurandi
1010 4206 1234 4274 consedebant,
1253 4207 1375 4262 suluisse
1394 4207 1564 4276 suspicatur,

252 4284 404 4340 manifesto
422 4288 505 4340 erret.

341 4365 368 4434 6)
391 4364 426 4419 cf.
441 4383 469 4420 n.
479 4371 513 4419 41
528 4385 552 4420 v.
565 4371 579 4420 'l
599 4369 769 4439 παραβάμια
788 4367 824 4438 μὴ
843 4367 929 4432 θύειν
941 4370 971 4422 ct
985 4385 1011 4421 n.
1022 4373 1057 4422 33
1071 4386 1095 4421 v.
1108 4373 1191 4437 bsqq.
1206 4367 1277 4438 μηδὲ
1290 4369 1362 4437 πρὸς
1373 4369 1440 4431 τοὺς
1452 4369 1564 4439 βωμοὺς

252 4444 322 4513 μηδὲ
340 4446 372 4499 τὸ
391 4443 514 4515 μέγαρον
533 4445 686 4515 προσίωσιν
704 4447 773 4504 ἄνευ
792 4457 841 4518 τῆς
858 4446 957 4517 ἱερέας.

342 4527 368 4596 l)
395 4526 445 4582 τὸν
463 4525 528 4582 olto
547 4527 635 4582 αυτοῦ
658 4529 803 4599 (Sosandri
821 4528 975 4583 sacerdotis
994 4529 1091 4583 morbo
1110 4529 1252 4600 impediti)
1271 4525 1421 4596 Ἀθήναιον
1439 4561 1475 4570 -
1493 4547 1562 4597 πρυ-

252 4607 386 4672 ιερᾱσθαι
408 4603 484 4669 ὅπως
507 4605 559 4661 ὅσα
582 4607 639 4663 ὑπὸ
661 4615 711 4662 τοῦ
730 4607 904 4677 Σωσάνδρου
928 4608 1056 4665 ἀδύνατα
1074 4603 1122 4680 ἧ[γ
1141 4607 1286 4681 γίνε]σθαι
1303 4610 1360 4665 άπὸ
1382 4609 1484 4665 τούτου
1503 4610 1562 4665 ἐπι-

250 4687 373 4755 τελῆιαις
397 4687 432 4740 σί.
449 4689 537 4742 etiarn
555 4687 659 4742 Michsl
674 4693 724 4741 537
739 4707 763 4742 v.
776 4695 874 4758 llsqq.
890 4685 1041 4758 Κλειὸίιην
1057 4686 1260 4760 Ἀσκληπιάδου
1279 4687 1432 4758 ἱερωμένην
1445 4689 1562 4760 Μητρὸς

251 4773 301 4833 τῆς
319 4765 350 4821 ἐκ
368 4765 497 4832 Πλακίας
519 4767 568 4823 καί
585 4766 797 4838 προϊεραμίνην
813 4765 967 4838 Ἀρτέμιδος
989 4767 1169 4838 Μουνυχίας,
1192 4769 1242 4825 ubi
1264 4769 1348 4824 verbo
1371 4773 1562 4838 reposceretur

251 4862 353 4900 munus
373 4849 526 4901 sucerdotis
544 4849 667 4904 victrice
686 4848 743 4903 dici
762 4848 829 4904 inde
848 4851 975 4918 apparet,
995 4849 1071 4918 quod
1089 4850 1119 4903 in
1138 4849 1227 4905 altero
1241 4849 1326 4905 titulo
1340 4849 1440 4904 eedem
1455 4849 1561 4904 semine

251 4925 310 4978 ism
324 4922 478 4993 Ἀρτέμιδος
495 4943 606 4996 quoque
625 4926 792 4999 Μουνυχίας
810 4926 944 4998 ἱερωμένη
963 4929 1068 4983 dicitnr
1086 4929 1209 5000 (Lolling
1228 4931 1314 4985 MAI
1327 4928 1379 4983 Vll
1397 4947 1425 4999 p.
1442 4933 1510 5000 166),
