3434 5464
771 272 886 328 sucus
905 253 1045 328 snosnu

902 477 937 536 A.

422 591 598 670 Νύμφηιων
640 589 824 654 κάπόλλωνι
863 588 1070 667 Νυμφηγέτηι
1113 591 1192 665 θῆλυ
1234 589 1285 652 καὶ
1326 585 1380 666 ἄρ-

421 718 483 775 (εν,
503 694 578 784 ἃμῑ)
598 697 698 777 βόληι,
717 695 905 775 προεέρδεν·
926 693 977 759 οἷν
996 695 1036 760 οὐ
1055 695 1141 773 θέμιε
1161 695 1238 759 οὐδὲ
1253 697 1381 773 χοῖρον·

555 804 594 868 οὐ
618 803 829 869 παιωνίζεται.

902 939 937 999 Β.

557 1051 684 1131 Χάριειν
708 1049 784 1126 αἶγα
807 1051 846 1116 οὐ
870 1053 957 1129 θέμις
980 1051 1058 1116 οὐδὲ
1083 1055 1205 1130 χοῖρον.

373 1219 434 1278 Lex
457 1217 549 1278 Sacro
570 1216 741 1294 Nympheei
764 1217 941 1276 Thesiorum
964 1218 1096 1293 antiquis
1120 1217 1231 1276 litteris
1249 1215 1406 1276 Pariorum
1424 1208 1480 1296 (Ω
1497 1240 1542 1264 =
1556 1237 1575 1274 ο

262 1323 292 1378 ei
315 1339 365 1392 ον,
389 1307 480 1377 O=
495 1308 533 1396 oo)
556 1315 585 1372 V
604 1334 630 1374 s.
651 1313 717 1375 (ihr.
736 1335 763 1378 n.
783 1314 901 1374 soeculo
924 1317 1028 1374 incise.

351 1413 492 1488 Numine,
515 1432 592 1490 quse
615 1415 647 1471 in
670 1413 727 1472 hoc
749 1412 820 1472 fsno
843 1412 1025 1486 colebantur,
1047 1431 1107 1471 non
1130 1413 1230 1470 omnis
1251 1411 1284 1470 in
1306 1411 1398 1470 tilulo
1417 1411 1577 1469 norninsn·

262 1521 325 1589 iur3
351 1532 422 1572 nem
449 1515 484 1571 ui
506 1531 573 1570 cum
595 1511 735 1587 nymphis
758 1503 962 1590 Apollinem¹)
989 1513 1035 1570 ils
1063 1529 1130 1569 cum
1152 1507 1266 1569 Gratiis
1287 1508 1468 1568 Mercurium
1491 1507 1578 1566 cultu

262 1613 451 1672 coniunctum
478 1609 570 1669 fuisse
597 1613 629 1669 et
654 1627 708 1684 per
736 1611 853 1668 severi
880 1609 978 1668 simile
1010 1611 1109 1669 estet
1135 1607 1238 1686 figuris
1265 1606 1431 1686 anaglyphi
1453 1605 1479 1664 B
1503 1623 1579 1665 con-

260 1709 407 1784 firmetur,
438 1726 564 1784 querum
596 1707 693 1766 silere
723 1707 805 1767 haud
831 1706 920 1766 dubie
948 1706 1127 1766 Mercurium
1159 1709 1376 1783 repraesentem
1408 1704 1445 1763 de
1478 1704 1580 1763 slters

262 1810 360 1867 minus
379 1807 492 1866 cerium
511 1808 557 1866 est
574 1805 730 1878 iudicium
753 1803 887 1864 Hecaten
906 1823 968 1865 esse
983 1805 1096 1864 Roberi
1115 1803 1225 1862 collslo
1240 1803 1323 1862 ouliu
1337 1802 1577 1878 Propylseorum

261 1905 490 1966 Atheniensium
518 1895 686 1979 oonieoii.³)
736 1903 874 1978 Denique
900 1902 1012 1962 femine
1040 1903 1151 1977 dirius,
1180 1919 1258 1976 quse
1284 1902 1316 1959 in
1345 1899 1517 1978 snsglypho
1548 1899 1579 1958 A

263 2022 325 2062 uns
348 2021 415 2062 oum
436 2000 577 2077 Apolline
601 2001 795 2076 conspicitur,
818 1999 962 2075 Dianam,
984 2002 1081 2076 ipssm
1104 2018 1222 2076 quoquc
1245 1998 1349 2058 ducem
1372 1998 1578 2074 nympharum

263 2101 458 2175 nolu'ssimsm,
481 2099 700 2175 repraesentari
721 2099 785 2158 veri
808 2098 906 2158 simile
930 2102 982 2158 esi.
989 2090 1019 2178 ⁴)
1220 2091 1224 2100 ’
1632 2137 1639 2148 .

352 2196 473 2257 (lulium
500 2195 675 2256 chihonium
697 2197 801 2272 fuisse,
829 2199 855 2256 si
881 2196 969 2256 modo
996 2199 1075 2255 recte
1099 2195 1279 2255 Siudniczlss
1306 2194 1380 2254 haec
1403 2192 1579 2271 snuglyphs

263 2301 363 2372 perles
387 2295 459 2354 olim
483 2313 552 2354 erce
575 2296 663 2371 ports
693 2312 728 2354 so
755 2295 856 2354 scrobe
883 2296 1048 2354 instructoe
1075 2294 1167 2353 fuisse
1196 2285 1355 2366 iudicavit,
1384 2294 1497 2351 cerium
1521 2295 1577 2350 eet.

264 2391 415 2462 Quaeres
438 2392 475 2450 ed
498 2391 576 2451 hsnc
599 2410 717 2468 quoque
740 2393 837 2471 legem
858 2391 1091 2471 intellegendam
1113 2391 1250 2450 nonnihil
1270 2391 1361 2450 vslst.
1406 2390 1472 2448 Ism
1494 2391 1578 2448 enim

264 2492 390 2568 sppsret
412 2493 605 2567 praeceptum
628 2510 655 2549 v.
677 2491 695 2550 3
719 2487 756 2549 οδ
778 2488 965 2561 essentem
987 2489 1057 2548 huic
1079 2507 1230 2549 sacrorum
1252 2491 1378 2548 ussurus
1400 2488 1502 2547 deberi
1520 2505 1578 2563 per

263 2608 295 2648 se
318 2591 417 2664 ipsum
440 2607 508 2648 cum
530 2590 562 2646 in
585 2587 795 2664 Nympharum
816 2591 883 2646 ium
904 2589 936 2646 in
960 2587 1110 2663 Apollinis
1134 2578 1250 2668 culiu⁶)
1272 2589 1446 2663 permirum.
1487 2585 1578 2644 Nunc

264 2690 366 2746 sutem
389 2703 455 2745 cum
477 2686 665 2762 paucissimis
689 2703 765 2761 quse
788 2689 943 2762 praetores
964 2685 1000 2743 de
1018 2704 1132 2762 pseuue
1149 2684 1333 2763 prohibendo
1352 2685 1472 2744 exstsnh
1489 2681 1576 2741 testi-

264 2784 371 2844 moniis
394 2782 545 2844 oommode
573 2785 725 2845 convenii:
753 2803 830 2860 quse
858 2786 938 2844 onim
964 2787 1068 2843 exient
1094 2786 1162 2860 ipsc
1185 2801 1304 2860 quoque
1331 2781 1507 2860 religionem
1531 2782 1577 2838 in-

264 2884 395 2942 ferorum
418 2884 562 2958 spectant.
600 2882 645 2942 Ao
668 2883 797 2958 primum
820 2882 940 2958 quidem
958 2882 1016 2941 huc
1037 2881 1141 2941 referri
1158 2884 1259 2958 polest
1276 2878 1419 2956 Aeschyli
1437 2879 1495 2957 frg.
1512 2878 1576 2936 167

568 3021 659 3100 μόνος
681 3027 762 3084 θεῶν
784 3022 840 3105 γὰρ
863 3023 995 3096 θάνατος
1018 3023 1055 3085 οὐ
1079 3023 1184 3103 δώρων
1206 3021 1259 3106 ἐρᾷ

569 3115 634 3182 οὐδ’
660 3119 698 3182 δν
721 3144 748 3181 τι
772 3121 859 3182 θύων
881 3113 950 3182 οὐδ’
975 3120 1159 3182 ἐπισπένδων
1182 3117 1267 3193 ivon

568 3212 633 3279 οὐδ’
659 3217 718 3280 ἔστι
741 3219 841 3298 βωμὸς
864 3216 946 3281 οὐδὲ
969 3219 1211 3292 παιωνίζειοιι.

356 3409 382 3476 1)
409 3407 427 3460 i.
439 3423 461 3461 e.
478 3405 492 3462 ὃ
512 3406 551 3476 ἄμ
569 3408 619 3461 sut
636 3405 655 3460 ἃ
674 3406 721 3476 ἄμ,
741 3407 775 3461 of.
790 3407 861 3462 Fick
881 3407 953 3464 ooo.
970 3407 1028 3463 Gal.
1044 3409 1114 3462 Ace.
1136 3411 1204 3460 1833
1223 3424 1250 3476 p.
1267 3410 1326 3460 136.

355 3488 382 3556 3)
410 3485 549 3557 Apollinis
568 3504 724 3557 cognomen
737 3487 927 3558 Νομφηγέτης
940 3490 1087 3557 prseieree
1099 3504 1155 3540 non
1169 3486 1225 3541 uisi
1240 3486 1316 3555 opud
1331 3483 1439 3539 Semios
1453 3482 1581 3538 innocuit

266 3567 304 3637 (B
311 3567 373 3624 cH
386 3565 426 3620 IV
443 3585 470 3638 p.
486 3570 557 3637 335),
577 3568 627 3622 sed
641 3569 781 3640 Apollinis
801 3585 865 3624 cum
878 3567 1018 3637 Nymphis
1038 3567 1197 3622 coniunciio
1215 3566 1309 3620 fecilis
1327 3565 1518 3634 frequensque
1537 3565 1582 3618 esi

266 3647 343 3702 volut
361 3647 391 3702 in
410 3650 490 3701 sniro
508 3646 704 3718 Nymphsrum
723 3647 911 3719 Ansphlyslio
930 3649 1024 3718 (Varo)
1040 3645 1177 3703 Ἀπόλδων
1190 3645 1294 3718 Ἕρσης
1312 3647 1372 3717 (16
1391 3645 1404 3699 Ι
1422 3647 1486 3714 430)
1506 3643 1579 3698 cole-

266 3726 350 3781 bsiur
372 3727 465 3797 (pluro
488 3727 604 3800 collegii
621 3727 773 3783 Werniche
797 3745 841 3799 sp.
857 3729 1107 3800 Pauly-Wissowo
1124 3728 1151 3782 Π
1172 3747 1199 3798 p.
1216 3733 1231 3781 9
1251 3731 1281 3782 et
1294 3730 1347 3798 38).
1385 3725 1581 3780 'remensem

267 3806 313 3862 hic
332 3823 388 3862 non
406 3807 558 3878 genuinam
578 3807 719 3877 existimo,
743 3809 829 3864 immo
847 3812 950 3862 netues
967 3808 1051 3862 huius
1070 3808 1176 3875 cultus,
1198 3808 1234 3863 de
1252 3824 1309 3877 qus
1327 3809 1357 3861 in
1377 3804 1580 3860 commentario

267 3887 322 3956 egi,
341 3887 518 3942 considerate
536 3887 629 3943 fecere
643 3905 699 3943 non
713 3905 837 3959 possum,
857 3889 926 3958 quin
939 3888 1102 3958 Apollinem
1119 3891 1220 3958 postes
1233 3889 1347 3943 demum
1364 3887 1394 3940 in
1409 3884 1580 3954 sniiquioris

267 3967 314 4020 dei
340 3967 433 4021 locum
460 3967 600 4022 inmusum
623 3985 683 4023 esse
707 3969 839 4039 suspicer.
883 3968 937 4034 Qui
965 3967 1083 4024 fortusse
1107 3967 1229 4038 simplici
1252 3969 1365 4024 nomine
1389 3965 1581 4036 Νυμφηγέιης

269 4045 360 4100 cultus
379 4050 448 4102 orsi.
475 4047 566 4102 Valde
585 4049 737 4104 dolendum
756 4052 799 4104 esi
817 4049 847 4102 in
865 4049 948 4104 issiis
967 4049 1150 4119 'I'eirspoleos
1166 4051 1279 4104 Atticos
1298 4047 1389 4118 (Proto
1406 4066 1433 4102 n.
1450 4049 1494 4116 26)
1509 4063 1534 4100 ν.
1545 4049 1581 4098 43

267 4126 305 4180 in.
325 4125 450 4196 lapidem
467 4127 589 4182 fructum
608 4145 680 4196 esse,
704 4131 810 4183 utnon
829 4130 887 4183 ism
907 4133 1050 4199 sppsrosl,
1069 4133 1165 4183 uirum
1184 4147 1294 4184 sscmm
1313 4127 1481 4198 simpliciter
1499 4130 1581 4196 Nep·

268 4203 384 4275 φαγέιει
409 4207 453 4261 vol
477 4205 559 4281 ἥρωι]
584 4207 767 4279 Νομφαμὲιει
794 4225 831 4263 sn
853 4205 1014 4282 Ἀπόλλωνι]
1042 4210 1086 4264 vel
1109 4209 1280 4282 Ποσειδῶνι]
1308 4207 1492 4278 Νομφοιγέτει
1519 4205 1582 4260 ficri

268 4285 406 4342 iubentur.
443 4291 590 4345 Ποσειδῶν
609 4289 788 4360 νομφαγέτης
806 4290 927 4345 occurrit
946 4291 1022 4359 apud
1041 4289 1152 4345 Cornui.
1172 4291 1237 4358 περὶ
1255 4295 1332 4345 θεῶν
1351 4294 1393 4343 23.

358 4369 384 4436 3)
414 4368 557 4424 Οοωωωιι.
572 4373 604 4424 in
621 4371 683 4425 hoc.
700 4372 826 4426 Μωννω.
842 4388 870 4440 p.
887 4377 951 4436 1473
971 4371 1224 4440 comprobsverunt
1238 4370 1373 4424 Homison
1390 4369 1506 4442 Mysios.
1521 4365 1582 4422 οιιδ

273 4447 398 4502 Moesum.
418 4450 452 4516 os
465 4449 569 4505 Atheus
586 4468 613 4520 p.
629 4456 681 4504 544
700 4453 730 4505 ei
748 4449 921 4505 Siudniczks
939 4453 955 4506 l.
971 4469 992 4506 c.
1012 4469 1040 4520 p.
1056 4455 1118 4506 170.

358 4534 384 4593 4)
412 4527 546 4584 Hsrrison
565 4532 582 4584 l.
597 4549 619 4587 c.
639 4530 841 4600 comprobante
861 4531 1040 4585 Studniczlss.

359 4613 386 4677 5)
411 4625 533 4676 psesnes
557 4611 633 4664 euim
651 4611 791 4680 Apollinis
815 4611 994 4681 pohissimum
1019 4611 1126 4682 proprii
1146 4614 1239 4666 eraut:
1263 4610 1332 4665 Poll.
1348 4609 1399 4664 On.
1414 4609 1427 4663 I
1441 4615 1475 4664 38
1500 4607 1531 4664 αἱ
1551 4607 1583 4664 δὲ

270 4685 309 4747 sic
326 4689 413 4751 θεοὺς
435 4683 508 4760 ᾠδαὶ
530 4699 632 4754 κοινῶς
654 4690 704 4760 μὲν
723 4699 856 4759 παιᾶνος,
880 4689 975 4760 ὕμνοι·
1000 4689 1079 4755 ἰδίως
1102 4691 1133 4747 δὲ
1149 4689 1306 4760 Ἀρτέμιδος
1329 4689 1418 4759 ὕμνος
1436 4689 1581 4759 οδνιιγμος,

270 4766 436 4831 Λπόλλωνος
454 4768 469 4823 δ
488 4769 578 4825 παιὰν
596 4775 652 4826 uri..
691 4770 730 4825 cf.
751 4771 786 4826 de
809 4771 863 4826 hso
888 4788 919 4827 re
937 4789 1011 4826 nunc
1030 4771 1209 4841 potissimum
1227 4769 1384 4826 Psirbsnlrs
1403 4771 1430 4825 A
1448 4769 1532 4841 cusp
1551 4769 1586 4836 os

270 4845 312 4900 the
332 4847 418 4902 Greek
436 4849 533 4904 Paeon
553 4856 621 4905 1900
641 4851 761 4922 (Gorrwll
778 4852 888 4908 &odie
906 4855 937 4906 ic
957 4853 1042 4908 Ciues.
1057 4853 1158 4909 Philol.
1177 4851 1239 4922 XII)
1258 4869 1285 4921 p.
1302 4857 1401 4919 iosqq.
