3424 5462
647 345 805 401 OROPIAE
824 365 851 402 n.
867 351 909 401 ar.
931 351 964 400 aa
1399 348 1463 413 207

153 514 313 575 Praeterea
340 518 440 574 autem
468 513 574 592 Oropii
597 515 699 575 eadem
725 518 814 574 cauta
836 515 995 591 prudentia
1018 534 1077 593 qua
1100 516 1295 577 Athenienses
1319 521 1367 576 usi
1390 517 1464 578 alios

154 613 299 688 quosdam
327 614 537 691 magistratus,
565 613 771 688 polemarchos
802 605 894 694 (sicut
922 613 1117 673 Athenienses
1145 613 1196 675 τὸν
1225 612 1386 695 στρατηγὸν
1413 614 1465 676 τὸν

153 707 201 770 ἐπί
224 707 279 788 τὴν
301 703 507 792 παρασκευήν)
531 714 561 770 et
583 713 719 786 catoptas
743 711 786 769 rei
811 712 962 770 consulere
986 712 1135 772 iusserunt
1158 731 1192 772 eo
1217 731 1255 772 ac.
1275 715 1408 789 consiho,
1431 717 1465 772 ut

153 811 266 869 ceteros
299 809 496 884 custodirent,
534 827 569 868 ac
601 811 790 886 catoptarum
828 809 947 885 quidem
979 809 1011 868 id
1047 829 1154 868 munus
1185 813 1339 887 proprium
1372 813 1465 872 fuisse

153 926 261 968 noman
284 907 382 984 ipsum
405 907 529 967 indicat.

241 1014 297 1090 lis,
330 1033 406 1090 quae
434 1015 599 1092 v.13sqq.
628 1014 663 1074 de
692 1015 843 1074 tradendis
872 1013 951 1074 vasis
984 1019 1038 1074 etc.
1067 1015 1303 1092 praecipiuntur,
1335 1019 1367 1076 in
1400 1017 1464 1076 uui·

151 1131 272 1173 versum
303 1111 334 1170 id
358 1113 421 1189 agi,
448 1115 483 1172 ut
515 1112 686 1172 hierarchae
709 1132 745 1171 ee
767 1116 897 1191 purgata
929 1112 1064 1186 hadent,
1092 1116 1189 1189 patet,
1218 1113 1269 1173 sed
1296 1113 1465 1175 accuratius

152 1210 364 1286 quaerendum,
387 1209 460 1287 quid
484 1210 541 1270 sibi
558 1212 633 1270 velit
655 1213 848 1288 praeceptum
867 1207 1066 1284 άποξιίσαντες
1084 1208 1115 1271 τὸ
1134 1210 1308 1292 καττίτερον.
1345 1211 1466 1272 Boackh

150 1308 307 1385 plumbum
338 1309 453 1384 album,
485 1328 544 1384 quo
576 1308 737 1368 ferrumine
769 1308 950 1368 numismata
977 1313 1008 1368 et
1035 1309 1096 1369 alia
1124 1315 1299 1369 ornamenta
1327 1310 1358 1368 in
1385 1312 1465 1370 vasis

151 1407 268 1465 munita
291 1395 382 1465 luisse
411 1407 550 1483 coniecit,
577 1407 740 1468 hierarchis
764 1407 966 1466 abradendum
992 1407 1099 1482 fuisse,
1129 1427 1165 1466 nc
1190 1407 1263 1484 quid
1285 1410 1318 1466 iu
1341 1411 1466 1485 argento

151 1523 262 1564 aurove
285 1504 503 1582 liquefaciendo
527 1504 739 1565 admisceretur
762 1505 878 1582 plumbi
901 1505 971 1579 albi,
999 1504 1156 1581 iudicavit,
1185 1505 1256 1581 quia
1279 1523 1313 1565 eo
1337 1505 1465 1566 admisto

151 1621 256 1661 aurum
283 1607 313 1661 et
335 1607 494 1682 argeutum
516 1604 677 1663 vitiaretur
699 1603 888 1680 rigidumque
910 1601 995 1663 fieret
1018 1606 1108 1684 atque
1131 1605 1253 1680 insuper
1276 1603 1391 1679 pondus
1413 1621 1465 1662 va-

151 1719 252 1760 sorum
276 1721 336 1760 uon
358 1702 436 1760 foret
458 1702 617 1779 integrum.
655 1702 695 1760 Et
718 1701 882 1760 abradendi
899 1701 1021 1777 quidem
1039 1703 1185 1760 rationem
1204 1703 1315 1779 optime
1336 1702 1464 1778 explica·

149 1799 209 1872 vit,
236 1817 358 1858 causam
384 1799 463 1858 unda
491 1799 645 1876 plumbum
674 1798 775 1858 album
798 1800 877 1858 vasis
906 1799 1103 1875 adhaesisset,
1133 1817 1192 1858 non
1216 1801 1296 1859 item.
1343 1799 1464 1859 Numis-

149 1899 233 1956 mata
261 1899 339 1956 enim
368 1902 399 1955 et
427 1896 487 1956 alia
516 1901 691 1956 ornamenta
714 1898 875 1955 ferrumine
902 1897 934 1955 in
958 1899 1037 1957 rasis
1061 1899 1178 1956 munita
1200 1897 1292 1958 fuisse
1315 1898 1377 1957 veri
1402 1896 1464 1956 dis-

150 1992 247 2053 simile
275 1996 333 2069 est,
360 1993 443 2052 velut
473 2013 540 2054 cero
569 1993 660 2054 affixa
685 1993 835 2054 Lucienus
864 1987 938 2076 (riot.
960 1986 993 2076 5)
1023 1995 1104 2053 dicit.
1154 1994 1261 2071 Itaque
1290 2013 1344 2073 ego
1373 1994 1464 2054 verba

149 2090 205 2152 illa
228 2090 264 2149 de
287 2092 458 2165 ferrumine,
481 2111 541 2168 quo
564 2095 665 2168 partes
688 2093 799 2152 fractas
823 2110 962 2152 vasorum
985 2093 1265 2170 ferruminaverant,
1289 2092 1411 2169 accipio.

240 2332 290 2387 68.
322 2331 354 2386 lu
379 2332 442 2386 basi
464 2333 610 2387 marmoris
635 2332 693 2387 albi
716 2332 830 2387 inventa
853 2334 882 2386 in
906 2333 1095 2402 Amphiareae
1115 2331 1281 2403 Oropiorum
1299 2350 1362 2387 curn
1380 2333 1463 2387 multi
1572 2335 1575 2342 '

149 2411 201 2466 alii
214 2412 294 2466 tituli
309 2415 370 2466 tum
384 2413 438 2468 hoe
452 2414 596 2468 decretum
611 2413 747 2482 seriptum
762 2416 813 2468 eat.
835 2413 906 2468 Edd.
917 2413 1116 2483 Dittenberger
1125 2415 1145 2467 I
1148 2413 1174 2468 G
1182 2413 1232 2468 Vll
1243 2419 1293 2468 351
1309 2417 1339 2468 et
1352 2413 1462 2483 plenius

149 2492 312 2547 Leonardos
328 2489 393 2562 ’an
410 2490 480 2564 'App
502 2499 570 2548 1892
589 2512 616 2563 p.
632 2499 666 2547 42
686 2512 711 2547 n.
729 2499 771 2560 70,
790 2494 865 2547 unde
884 2493 988 2548 Michel
1007 2495 1120 2549 Recrrer'l
1139 2498 1199 2548 όθθ.

283 2647 470 2728 Ἐπικράτης
493 2647 670 2728 Ἀρχίππου
695 2647 784 2714 εἶπεν
807 2649 888 2727 ὑπὲρ
911 2649 1020 2728 ἱερῶν
1050 2649 1160 2727 ἐπειδὴ
1185 2649 1345 2728 ςυμβαίνει
1368 2650 1430 2728 τὴμ
1454 2647 1458 2736 ί

203 2755 299 2819 πόλιν
328 2754 540 2835 Ἀκραιφιέων
569 2754 753 2821 ἀποςτείλαι
786 2756 981 2835 πρεςβευτὰε
1013 2759 1098 2834 τρεῖς
1130 2754 1249 2835 ἄνδρας
1279 2757 1355 2820 τοὺς
1386 2754 1461 2841 διαΙ-

202 2861 395 2940 λεξομένους
423 2863 502 2941 μετὰ
529 2866 588 2927 τοῦ
616 2862 728 2942 ἱερέως
755 2865 806 2926 καὶ
834 2865 892 2928 τοῦ
921 2863 1093 2942 προφήτου
1121 2863 1203 2942 πρὸς
1231 2863 1289 2927 τὰς
1318 2863 1429 2928 πόλεις
1456 2871 1460 2958 Ι

202 2968 259 3032 τὰς
292 2968 327 3033 ἐν
360 2973 409 3048 τῆι
440 2969 587 3033 Βοιωτίαι
621 2970 671 3033 καὶ
703 2971 960 3049 παραγενόμενοι
994 2969 1039 3035 εἰς
1071 2971 1129 3049 τὴν
1162 2970 1327 3049 ἐκκληςίαν
1357 2971 1396 3034 τό
1427 2990 1462 3035 τε

164 3071 368 3162 υψήφιςίίμα
396 3074 581 3151 ἀνέγνωςαν
610 3078 647 3140 τὸ
675 3077 764 3155 παρὰ
791 3081 857 3141 τῶν
886 3075 1109 3156 Ἀκραιφιείων
1137 3078 1188 3141 καί
1216 3080 1461 3155 παρεκαλοῦςαν

201 3183 260 3246 τὸν
279 3181 285 3266 Ι
305 3187 408 3261 δῆμον
432 3184 596 3250 ευναύξειν
618 3185 676 3261 τὴν
696 3184 805 3249 θυείαν
824 3187 881 3248 τῶι
895 3183 1077 3249 Ἀπόλλωνι
1095 3187 1153 3248 τῶι
1167 3185 1298 3249 Πτωίωι
1317 3185 1461 3263 καθάπερ

201 3289 258 3378 καὶΙ
280 3289 319 3354 τὸ
339 3291 344 3368 l
364 3290 476 3354 κοινὸν
505 3291 656 3355 Βοιωτῶν
684 3291 736 3354 καί
767 3290 787 3368 ἡ
815 3292 910 3356 πόλις
938 3295 1004 3355 τῶν
1032 3290 1268 3371 Ἀκραιφιείων·
1303 3289 1393 3356 ὅπως
1421 3291 1462 3355 ἂν

201 3394 260 3459 οὖν
284 3397 436 3475 φαίνηται
454 3396 474 3475 ἡ
494 3398 587 3462 πόλις
608 3397 612 3481 l
633 3403 698 3463 τῶν
718 3396 888 3476 Ὠρωπίων
913 3398 1056 3476 καθάπερ
1078 3399 1168 3463 αὐτεῑ
1191 3399 1350 3477 προςήκει,
1375 3398 1460 3462 εὐςε-

202 3507 266 3582 βῶς
288 3504 341 3567 καὶ
364 3503 503 3569 ἐνδόξως
526 3504 566 3568 τά
591 3506 673 3583 πρὸς
694 3500 698 3590 l
719 3505 796 3569 τοὺς
819 3507 913 3570 θεοὺς
937 3507 1130 3569 ςυντελοῦςα
1155 3505 1207 3569 καὶ
1231 3505 1460 3584 εὐχαριςτοῡςα

146 3625 181 3674 ιο
200 3613 249 3674 τεῑ
280 3611 373 3675 πόλει
404 3609 640 3690 Ἀκραιφιείων·
658 3610 668 3694 ΙΙ
686 3613 837 3689 δεδόχθαι
865 3615 913 3676 rei
944 3614 1052 3691 βουλεῑ
1079 3613 1130 3675 καὶ
1160 3615 1217 3677 τῶι
1249 3613 1365 3689 δήμων
1401 3612 1459 3676 τὸν

201 3716 344 3796 ἄρχοντα
367 3719 418 3781 καί
441 3719 518 3783 τοὺς
541 3718 767 3797 πολεμάρχους
787 3717 792 3804 Ι
813 3720 889 3783 τοὺς
912 3717 961 3783 ἀεὶ
985 3717 1175 3797 γινομένους
1198 3719 1249 3782 καὶ
1276 3718 1336 3793 τὸγ
1359 3739 1460 3797 γραμ·

201 3825 303 3902 ματέα
334 3824 470 3904 πέμπειν
504 3828 582 3903 βοῦν
607 3824 672 3889 ἀπὸ
700 3830 755 3903 τῆς
782 3827 910 3890 πόλεως
939 3825 944 3908 Ι
974 3824 1019 3889 εἰς
1051 3825 1091 3888 τὰ
1117 3825 1231 3890 Πτῶια
1263 3826 1314 3890 καλ
1342 3825 1461 3890 αὐτοὺς

201 3931 438 4011 ςυμπομπειίειν
466 3933 517 3996 καὶ
540 3929 643 3996 τᾶλλα
669 3932 777 3997 πάντα
803 3932 956 4012 πράττειν
979 3927 1131 4018 καθάΙπερ
1160 3933 1212 3996 καί
1241 3918 1276 3996 ἐν
1299 3936 1369 3997 ταῖς
1393 3935 1459 3996 λοι·

200 4043 275 4103 παῖς
303 4039 422 4104 θυείαις
450 4040 626 4119 γέγραπται
655 4037 705 4104 αἱς
731 4039 751 4117 ἡ
780 4040 874 4104 πόλις
897 4039 965 4104 θύει
997 4039 1032 4104 ἐν
1056 4042 1113 4104 τῶι
1137 4043 1246 4104 κοινῶι
1268 4035 1272 4124 l
1295 4040 1459 4104 Βοιωτῶν·

147 4161 181 4208 ιο
201 4145 388 4225 ἀναγράψαι
415 4147 452 4210 δὲ
480 4147 556 4211 τοὺς
584 4146 811 4225 πολεμάρχους
840 4147 917 4211 τόδε
950 4146 987 4211 τὸ
1016 4147 1163 4226 ψήφιςμα
1193 4146 1227 4211 ἐν
1251 4151 1309 4211 τῶι
1335 4145 1346 4229 ΙΙ
1371 4145 1460 4225 ἱερῶι

200 4255 258 4316 τοῦ
281 4251 483 4332 Ἀμφιαράου
512 4251 551 4317 οὗ
576 4252 616 4317 ἂν
640 4253 750 4318 αὐτοῖς
773 4253 926 4332 φαίνηται
950 4252 987 4330 ἐγ
1010 4253 1178 4318 καλλίςτωι
1207 4252 1302 4330 εἶναι,
1329 4253 1368 4318 τὸ
1392 4255 1428 4318 δὲ
1454 4251 1458 4338 Ι

201 4358 315 4438 άλωμα
342 4359 381 4423 τὸ
408 4360 587 4439 γενόμενον
615 4358 660 4424 εἰς
686 4361 745 4438 τὴν
773 4359 968 4439 ἀναγραφὴν
995 4363 1054 4425 τοῦ
1083 4360 1287 4440 ψηφίςματος
1315 4363 1428 4426 δοῦναι
1454 4357 1458 4446 Ι

200 4466 259 4530 τὸν
282 4466 398 4546 ταμίαν
421 4467 479 4531 τὸν
503 4467 713 4546 προάρχοντα
735 4469 794 4546 τὴν
817 4467 973 4546 δευτέραν
996 4467 1204 4547 τετράμηνον.

235 4639 261 4698 E
288 4639 394 4700 multis
422 4639 534 4716 titulis,
567 4641 674 4718 quibus
703 4639 839 4700 civitates
863 4639 1044 4700 Graecorum
1072 4645 1196 4701 exeunte
1223 4641 1270 4700 ΠΙ
1294 4661 1320 4702 a.
1340 4641 1407 4701 Chr.
1431 4662 1459 4700 n.

146 4737 265 4798 saeculo
283 4737 550 4815 Acraephieusium
572 4737 608 4798 de
632 4739 714 4800 feriis
732 4737 828 4798 Ptoiis
846 4737 1087 4798 concelebrandis
1109 4737 1367 4799 adhortationibus
1386 4741 1459 4799 satis

145 4837 290 4912 feceruut,
314 4835 496 4913 Oropiorum
519 4836 686 4912 exemplum
710 4836 787 4915 elegi
810 4839 841 4896 at
864 4836 936 4912 quia
958 4836 1031 4895 haec
1049 4855 1109 4895 una
1127 4837 1189 4896 fere
1212 4836 1318 4897 divitas
1342 4836 1460 4896 decreto

145 4952 199 4994 suo
227 4935 329 5010 etiarn,
357 4934 507 5009 quomodo
540 4936 631 4994 ferias
658 4935 726 4995 illas
754 4934 996 4994 concelebratum
1026 4937 1115 5010 asset,
1147 4933 1260 5010 sanxit,
1291 4937 1326 4993 ut
1351 4932 1459 4994 titulus
