3434 5464
722 379 817 436 coslo
835 400 862 435 n.
879 386 930 436 res
1415 382 1481 448 335

166 554 237 621 τταλς
260 547 368 628 χρόνον
391 545 447 608 eds
470 541 537 609 οἶδα
561 547 633 609 ὅσον
655 547 731 628 τινά,
754 546 825 630 πρίν
844 546 876 610 δὲ
899 545 1041 629 ἡβάσκειν
1063 547 1113 610 καὶ
1132 549 1168 612 οὐ
1187 550 1288 631 ισράσα
1307 555 1337 611 et
1355 552 1382 610 X
1398 553 1480 628 34,8

166 645 219 706 obv
238 643 270 707 δὲ
294 643 371 726 ίερὲα
390 638 536 728 (Ἀθηνᾶς
553 639 722 728 Κραναίας)
742 645 774 708 ἔτι
795 646 911 707 παίδων
930 647 1084 725 αἱροῦνται
1102 657 1160 708 τῶν
1179 645 1311 728 ἀνήβων,
1335 648 1480 730 πρόνοιαν

167 743 342 822 ποιούμενοι
365 736 507 825 πρότερον
529 753 582 822 τῆς
606 742 768 826 ἱερωσύνης
791 741 906 822 ἐξήκειν
929 744 961 804 σί
981 745 1032 806 τὸν
1051 745 1159 826 χρόνον
1177 745 1248 827 πρὶν
1271 743 1291 828 ἢ
1315 743 1433 827 ἡβῆσαι.

255 842 291 901 V.
314 845 354 903 10
383 841 527 924 λέράσεται
555 839 604 902 διὰ
632 842 714 921 βίους
747 842 914 904 sacerdotia
936 843 1055 902 uenalia
1082 845 1121 904 ad
1143 847 1224 906 vitae
1251 849 1371 923 tempus
1394 847 1481 924 gesta

166 959 229 1001 esse
257 959 325 1000 oum
352 961 406 1018 per
433 957 465 1000 se
492 943 555 1000 veri
587 940 684 1000 simile
717 943 782 1000 tum
810 941 910 1001 titulis
938 941 1131 1002 confirmatur
1159 945 1195 1002 cf.
1219 963 1247 1002 n.
1269 945 1325 1019 84,
1356 965 1383 1004 n.
1407 945 1481 1019 155,

166 1059 194 1098 n
216 1039 359 1097 167-8.
410 1037 535 1100 Accedit
567 1038 647 1115 quod
674 1039 808 1100 Bischoff
837 1041 925 1099 sonte
957 1032 1151 1123 intellexit¹¹)
1185 1041 1274 1102 eliter
1300 1062 1358 1102 non
1388 1043 1480 1102 verba

167 1137 279 1196 emendi
302 1139 333 1195 et
355 1137 499 1196 vendendi
521 1138 660 1214 usurpari
684 1137 833 1211 debuisse,
856 1137 907 1198 sed
930 1141 1127 1214 μισθοῦσθαι,
1151 1140 1230 1216 quod
1254 1141 1289 1199 de
1313 1141 1480 1200 sacerdotio

167 1234 257 1294 semel
280 1236 411 1294 occurrit
433 1235 465 1292 in
484 1235 601 1296 decreto
621 1234 751 1312 quodam
770 1235 908 1311 Myconio
928 1239 982 1295 aut
999 1236 1113 1296 Andrio
1133 1229 1189 1318 (Le
1207 1237 1387 1297 Bas-Wadd.
1406 1237 1480 1299 Asic

166 1337 236 1392 min.
259 1334 344 1392 1799
361 1359 403 1380 --
422 1323 531 1414 2059).

254 1430 291 1489 V.
313 1433 426 1508 10sqq.
450 1431 488 1490 ab
512 1431 695 1507 emptoribus
719 1450 779 1491 non
802 1431 905 1492 statim
928 1434 1026 1492 totum
1049 1435 1180 1510 pretium
1207 1434 1296 1510 solvi,
1325 1434 1376 1493 sed
1399 1454 1478 1494 snm-

165 1549 245 1587 mam
268 1528 363 1588 dividi
386 1531 417 1588 in
441 1530 607 1606 complures
629 1533 744 1606 portes,
773 1549 846 1605 quas
870 1532 972 1606 aequis
996 1532 1184 1608 portionibus
1208 1533 1311 1593 diebus
1336 1536 1478 1593 constitu·

166 1629 206 1686 tis
229 1629 381 1703 pensitare
404 1627 555 1701 deberent,
578 1629 635 1688 etsi
652 1627 864 1705 improbabant
882 1628 970 1689 Plato
989 1631 1020 1688 et
1039 1629 1272 1706 Theophrastus,
1294 1633 1394 1690 tamen
1413 1650 1479 1693 mos

167 1727 232 1784 erat
255 1717 435 1806 usitatus¹⁸>
472 1724 531 1784 Hic
553 1729 584 1784 et
606 1746 634 1784 n.
652 1727 713 1784 196
739 1725 815 1786 duae
839 1726 994 1803 pensiones
1013 1726 1078 1788 lieri
1096 1728 1244 1803 iubentur,
1268 1729 1359 1788 etiam
1377 1729 1479 1806 plures

164 1843 192 1881 n.
214 1825 286 1883 139.
332 1822 404 1881 Inde
429 1841 447 1882 a
471 1843 498 1882 v.
521 1825 559 1882 16
584 1824 615 1882 id
639 1825 702 1900 agi,
731 1823 803 1899 quid
830 1823 892 1899 fiat,
924 1826 950 1885 si
977 1826 1113 1886 sacerdos
1140 1828 1277 1886 terminis
1305 1828 1479 1893 constitmbs

164 1940 223 1980 non
248 1923 375 1995 steterit,
398 1923 471 1980 setis
493 1923 616 1996 certum,
639 1921 690 1982 sed
707 1941 763 1980 nec
780 1941 808 1981 v.
825 1925 865 1982 16
885 1941 940 1982 nec
957 1943 984 1984 v.
1003 1925 1042 1983 19
1062 1923 1188 1984 lacunae
1208 1925 1304 1984 sdhoc
1322 1925 1479 2002 expeditae

167 2021 245 2078 sunt.
282 2019 351 2078 Illic
370 2037 385 2078 e
404 2019 611 2096 supplemento
630 2014 763 2100 ἓκά]σται
781 2037 819 2078 sc.
834 2021 994 2099 καταβαλεῖτε
1011 2021 1258 2098 proficiscendum
1275 2025 1360 2086 ratus
1378 2017 1478 2084 Paton

163 2119 300 2178 restituit
327 2111 529 2197 ἐπιτετίάχθαι
556 2113 588 2177 δὲ
616 2109 776 2199 δ(ραχμδς)
812 2163 845 2176 ..
881 2109 1013 2198 ἓτιά]σται
1045 2117 1162 2196 Cupide,
1195 2115 1234 2178 αἶ’
1254 2139 1293 2180 ινα
1320 2117 1361 2198 με)
1388 2143 1478 2180 κατα-

165 2215 269 2294 βάληι,
298 2234 373 2292 quac
400 2218 502 2274 tamen
526 2214 573 2275 vel
600 2217 724 2292 propter
751 2217 922 2294 genetivum
946 2215 1050 2294 ζαμίας
1077 2215 1243 2293 displicent.
1289 2211 1325 2275 V.
1347 2221 1387 2278 19
1411 2220 1480 2295 ipsa

163 2315 254 2373 lectio
278 2315 400 2390 insuper
422 2313 537 2372 incerte
559 2317 617 2388 est3
640 2313 672 2372 P.
692 2314 767 2374 dicit
785 2303 925 2374 ΤΑΞΑ
945 2313 1143 2392 probabiliter
1164 2315 1278 2375 rectum
1302 2335 1365 2376 esse
1388 2336 1478 2394 seque

166 2414 280 2471 frustra
304 2401 461 2472 ΠΡΑΞΑ
480 2414 511 2470 in
535 2411 636 2488 lapide
659 2411 803 2488 dispicere
822 2413 1030 2488 temptaviss03
1053 2417 1122 2488 post
1140 2413 1196 2486 αξα
1214 2411 1341 2476 fortasse
1359 2415 1478 2475 hastam

163 2510 337 2570 vertioelem
365 2528 443 2582 esse,
469 2511 575 2586 ntique
603 2528 662 2568 non
692 2501 738 2586 {3
765 2531 793 2568 ν.
815 2511 856 2569 20
865 2503 954 2570 inl(
983 2510 1046 2570 veri
1073 2509 1170 2571 simile
1199 2529 1275 2586 esse,
1302 2517 1406 2573 contre
1434 2505 1480 2590 Θ,

164 2626 256 2684 quam
280 2606 414 2667 litteram
433 2607 546 2666 Dubois
566 2607 688 2667 dederat
707 2611 738 2668 et
756 2607 851 2667 Paton
869 2609 900 2667 in
919 2607 1016 2685 ipsius
1035 2607 1145 2686 lapidis
1163 2613 1297 2669 examine
1316 2611 1477 2672 novissimo

163 2707 225 2784 legi
247 2723 335 2782 posse
359 2706 589 2779 existimaverat,
614 2709 719 2783 ectypo
743 2725 802 2766 non
825 2698 1054 2788 confirmarint
1084 2702 1138 2766 ‘on
1160 2709 1205 2768 ibe
1227 2709 1328 2778 whole,
1353 2711 1397 2770 tte
1420 2713 1478 2770 eoi»

162 2806 250 2864 denec
273 2805 300 2862 τέ
323 2806 440 2879 against
463 2802 609 2874 τάξασθαι
631 2821 665 2864 or
687 2802 859 2882 πράξασθαι
882 2805 943 2864 ανδ
965 2807 998 2864 io
1020 2807 1128 2878 favour
1151 2808 1187 2880 of
1204 2805 1288 2879 τάξαι
1310 2803 1380 2867 τιαί.’
1418 2807 1477 2868 θεά

162 2903 225 2961 sire
254 2901 395 2961 scribitur
423 2894 492 2980 τά[ν
520 2897 552 2960 δὲ
580 2895 682 2981 τιμὰν]
710 2900 793 2974 τάξαι
819 2900 869 2962 καί
896 2902 1055 2963 διπλασίαν
1083 2905 1145 2964 sive
1174 2903 1214 2982 μὴ
1247 2901 1403 2988 άτιοδοάσρι
1429 2899 1478 2986 δὲ]

162 2997 247 3072 τάξαι
270 2996 320 3058 καί
344 2999 512 3078 διπλασίαν,
537 2999 727 3060 offensionem
750 3020 810 3060 non
834 3001 933 3060 deesse
954 3001 1051 3061 Pston
1073 3003 1142 3084 ipse,
1162 3003 1313 3063 concessit.

252 3097 288 3155 V.
308 3099 351 3158 20
374 3095 428 3156 τάν
452 3093 484 3157 δὲ
508 3095 616 3176 ἱέρειαν
639 3095 744 3157 τελέσει
767 3094 786 3158 ά
808 3098 906 3170 ττόλιςι
933 3100 1127 3177 inauguratio
1151 3101 1300 3177 quaedem
1324 3101 1476 3162 sollemnis

163 3196 351 3256 sacerdotum
374 3196 466 3256 luisse
488 3195 607 3256 videtur
634 3196 714 3273 apud
738 3195 827 3273 (loos3
855 3198 984 3257 occurrit
1011 3199 1100 3256 etiam
1126 3197 1308 3258 Chalcedone
1332 3191 1374 3280 (n.
1397 3193 1476 3282 196)

164 3297 195 3353 et
217 3295 343 3372 Amorgi
366 3286 409 3374 (n.
432 3286 497 3375 98).
540 3293 707 3354 Coniuncta
731 3299 796 3354 erat
819 3314 886 3355 cerm
909 3295 1053 3356 sacrificio
1078 3288 1119 3378 (n.
1141 3288 1229 3378 134),
1254 3298 1333 3372 quod
1355 3297 1476 3374 publico

163 3395 286 3468 sumptu
302 3391 395 3450 fiebat
413 3391 475 3466 Coi,
495 3392 655 3452 sacerdotis
674 3395 769 3470 ipsius
788 3397 910 3471 sumptu
926 3393 1110 3454 Chalcedone
1129 3397 1160 3453 et
1173 3395 1307 3473 Amorgi,
1327 3395 1372 3480 cf.¹
1383 3396 1475 3456 etiam

163 3509 241 3567 quae
265 3489 386 3566 exposui
411 3489 449 3548 ad
472 3510 500 3548 n.
523 3492 594 3550 196.

251 3587 288 3645 V.
309 3590 350 3647 24
374 3584 477 3660 ἐξέστω
495 3620 532 3629 -
562 3585 716 3668 δφιίρειαν
738 3586 904 3660 ἀτωδεῖξαιε
928 3589 959 3648 id
982 3592 1174 3667 praeceptum
1196 3593 1262 3650 tum
1285 3593 1476 3668 potissimum

161 3686 301 3763 valuisse,
325 3688 350 3745 si
373 3686 477 3762 puella
498 3686 634 3763 impubes
657 3686 823 3746 sacerdotio
846 3687 1037 3764 fungebatur,
1060 3691 1168 3765 putere
1190 3689 1322 3765 proclive
1346 3693 1400 3764 est,
1423 3691 1477 3752 sed

162 3784 213 3843 vix
234 3786 357 3844 rectum.
394 3785 516 3843 Etenim
537 3784 682 3859 homines,
705 3785 883 3861 quominus
906 3787 1000 3861 ipsius
1023 3786 1177 3864 religionis
1200 3787 1301 3846 studio
1324 3792 1355 3848 et
1377 3789 1474 3868 digni·

160 3882 235 3942 tatis
259 3881 450 3942 sacerdotalis
478 3883 658 3941 auctoritate
687 3883 840 3957 commoti,
867 3883 919 3942 sed
946 3884 1023 3943 lucri
1044 3885 1093 3943 rel
1120 3885 1346 3962 privilegiorum
1376 3888 1474 3963 publi·

162 3999 264 4040 corum
297 3999 387 4040 causa
419 3980 585 4040 sacerdotio
617 3979 772 4056 patebunt,
805 4001 839 4041 eo
871 3984 967 4060 magis
995 3983 1111 4042 diurnis
1143 4001 1179 4043 ac
1205 3984 1338 4044 molestis
1367 3983 1474 4046 officiis

162 4095 264 4136 eorum
292 4077 415 4137 libereri
442 4079 592 4138 studuisse
620 4081 771 4154 civesque,
804 4099 838 4138 ex
866 4099 925 4156 qno
954 4081 1073 4140 venalia
1100 4099 1135 4140 ee
1164 4081 1372 4157 instituerant,
1404 4082 1474 4142 huic

161 4175 261 4236 studio
293 4175 451 4236 indulsisse
484 4176 572 4234 facile
599 4176 793 4254 intellegitur.
845 4175 947 4238 Civem
975 4197 1037 4238 esse
1068 4177 1202 4238 debuisse
1232 4179 1473 4240 subsecerdotem

161 4277 242 4348 nota,
265 4274 302 4334 cs.
322 4292 413 4350 supra
436 4273 474 4333 ad
498 4293 524 4332 v.
546 4275 574 4332 9.

250 4371 286 4430 V.
308 4374 349 4430 24
380 4373 495 4448 priores
524 4371 651 4431 editores
679 4372 817 4450 legerunt
849 4371 888 4451 μὴ
917 4370 1020 4445 ἐξίστα
1052 4370 1083 4434 δὲ
1111 4371 1204 4434 άλλαν
1231 4375 1369 4456 ἱερᾶσθαι
1398 4373 1473 4455 μηδὲ

160 4463 323 4548 τελ[εἴσθατ
350 4468 458 4549 ἱέρειαν
480 4464 548 4549 τ]ῶτ
574 4468 725 4530 Διονύσον
751 4467 829 4530 ττλὰν
853 4467 873 4549 ί)
897 4469 936 4530 dv
958 4492 996 4530 κα
1019 4466 1076 4552 ίείρ
1099 4505 1144 4514 -
1166 4503 1211 4514 --
1235 4491 1310 4549 quae
1339 4473 1394 4534 etei
1415 4476 1471 4534 im·

160 4569 294 4643 perfecta
311 4566 505 4644 reliquerunt,
524 4567 562 4626 ad
581 4585 689 4627 novam
708 4571 810 4628 tamen
828 4569 987 4628 sacerdotii
1005 4569 1128 4629 ineundi
1146 4570 1349 4631 condicionem
1362 4573 1474 4634 referre

233 4731 277 4798 12)
307 4729 405 4784 Rleeio.
422 4727 499 4784 Mes.
517 4727 580 4782 LIV
593 4747 621 4799 p.
638 4733 679 4783 16.

219 4811 276 4900 ’13)
304 4807 339 4864 cf.
360 4808 395 4863 de
418 4807 471 4863 hac
494 4824 524 4863 re
546 4809 656 4864 Antbes
679 4810 724 4865 De
746 4811 879 4880 emptione
901 4811 1057 4868 verditione
1077 4813 1243 4869 &aconem
1265 4819 1367 4883 ρναεεί.
1386 4815 1470 4887 epipr.

159 4887 500 5040 Hah3438i8tzgge3⁰ehoffl
520 4985 553 5025 eo
572 4973 683 5040 ectypo,
701 4971 778 5038 qnod
796 4988 814 5025 e
830 4971 939 5026 Patous
957 4972 1075 5042 accepit,
1095 4973 1150 5026 ΘΑΙ
1170 4971 1289 5028 refutari
1308 4971 1435 5028 adnotat.
