3450 5458
725 285 882 342 ATTIGAE
900 304 928 342 n.
944 292 977 340 49
1438 287 1499 354 151

184 457 328 533 idemque
361 456 422 516 fere
454 473 557 516 omnes
584 455 621 514 de
653 455 709 514 hac
740 475 772 516 re
804 457 884 534 leges
916 457 1121 532 praecipiuntz
1153 457 1189 516 cf.
1212 477 1241 516 n.
1271 458 1322 518 81.
1351 458 1402 516 82.
1428 458 1500 516 117.

190 556 266 615 148.
291 557 364 614 192.

280 649 484 730 λουσαμένους
507 647 539 712 δὲ
561 649 763 726 ιιαιαιιίφαλαι
791 651 942 712 sollemnis
965 653 990 712 is
1013 653 1089 712 ritus
1113 652 1203 712 fuisse
1222 651 1350 727 videtur,
1373 652 1410 711 cf.
1429 652 1500 712 Por·

186 751 275 829 phyr.
299 752 335 811 dc
352 752 458 826 philos.
482 768 517 811 ια
539 767 616 810 orac.
639 751 725 810 bour.
749 749 792 809 ed.
812 751 906 822 Wolff
923 769 952 826 p.
973 751 1036 809 116

404 863 469 928 εὔιε
491 858 520 926 δ’
545 863 594 927 ἐπὶ
617 864 810 944 ψαμάθοισιν
833 863 896 948 1ης,
918 864 1052 946 γλαυκὴν
1074 864 1131 925 ἅλα
1155 864 1243 944 χεύας

404 962 462 1025 adca
483 966 615 1043 κεφαλῆς
637 963 761 1036 θυσίαζε

189 1092 221 1150 ct
251 1089 450 1167 Theophrasti
483 1089 656 1148 charactera
688 1087 919 1165 δεισιδαιμονίας
951 1088 1144 1149 describentis
1172 1108 1195 1148 c.
1221 1091 1262 1149 16
1296 1086 1429 1162 τοιοῦτός
1457 1112 1501 1161 τις

182 1179 253 1259 οἷος
277 1219 319 1228 -
343 1219 384 1228 -
411 1219 456 1229 -
478 1184 526 1248 ἐπί
549 1191 614 1259 ταῖς
635 1185 765 1265 τριόδοις
788 1181 929 1246 ἀπελθὼν
951 1185 1025 1246 κατὰ
1047 1190 1179 1266 κεφαλῆς
1201 1183 1377 1247 λούσασθαι.

278 1285 315 1344 V.
332 1287 350 1344 5
374 1289 542 1365 γυναικεῐαι
565 1287 718 1344 menstrua
740 1284 789 1342 hic
812 1285 890 1343 sicut
907 1285 1082 1361 plerumque
1101 1283 1160 1344 dici
1179 1288 1293 1361 septem
1312 1285 1374 1344 dies
1392 1285 1500 1345 lustra·

186 1384 232 1444 les
255 1383 405 1458 indicant,
433 1385 469 1442 cf.
493 1382 570 1446 Phil.
589 1383 647 1461 leg.
671 1381 827 1460 alleg.I4
850 1402 878 1458 p.
894 1381 936 1441 45
960 1381 1005 1442 ed.
1023 1383 1165 1461 Mangey:
1193 1379 1243 1442 καὶ
1270 1380 1387 1464 γυναιξλ
1415 1379 1447 1443 δὲ
1470 1383 1504 1444 αἱ

186 1480 366 1559 καταμήνια
383 1479 545 1560 καθάρσεις
563 1477 646 1561 ἄχρις
663 1478 828 1560 ἑβδομάδος
846 1479 1055 1560 παρατείνουσι
1074 1471 1125 1562 (cf.
1138 1481 1178 1539 id.
1193 1479 1229 1540 de
1247 1481 1353 1540 mundi
1370 1481 1442 1559 opii.
1458 1484 1497 1542 41

185 1599 217 1656 p.
230 1581 270 1639 29
291 1582 322 1638 et
341 1578 469 1638 Macrob.
484 1579 516 1638 in
535 1597 627 1640 somn.
643 1578 722 1654 Scip.
740 1577 757 1637 1
772 1581 799 1654 6,
811 1569 877 1660 62).
907 1575 1017 1638 Oontra
1035 1597 1200 1655 puerperae
1218 1578 1419 1658 quadraginta
1437 1580 1500 1640 dies

185 1678 323 1754 impurae
341 1675 529 1737 habebantur
542 1668 642 1758 (Gens.
655 1676 692 1737 de
711 1676 759 1735 die
777 1679 838 1736 net.
851 1678 931 1750 11,7
947 1681 979 1736 et
993 1677 1040 1734 tit.
1050 1676 1132 1736 Eros.
1147 1696 1175 1738 ιι.
1188 1668 1275 1757 117).
1308 1675 1366 1745 Qui
1385 1677 1500 1736 dierum

186 1793 330 1836 numerus
353 1794 420 1834 cum
443 1775 522 1834 infra
545 1771 604 1836 ἀπὸ
628 1778 749 1854 φθορᾶς
772 1772 924 1834 observari
946 1772 1094 1848 iubeatur,
1117 1793 1176 1833 non
1200 1773 1324 1833 dubium
1347 1779 1400 1850 est,
1426 1778 1499 1851 quin

186 1871 293 1950 φθορὰ
320 1874 370 1932 hic
396 1892 456 1932 non
483 1873 520 1932 de
543 1873 712 1950 corruptela
735 1873 875 1950 virginis,
902 1872 954 1931 sed
981 1871 1017 1931 de
1042 1871 1148 1931 abortu
1175 1872 1377 1951 intellegenda
1401 1865 1499 1954 sit¹⁶);

180 1971 224 2031 cf.
249 1992 277 2030 ιι.
298 1972 361 2030 148
385 1991 413 2030 v.
435 1973 474 2030 12
498 1967 558 2031 derb
582 1970 736 2050 φθορείαν
760 1965 802 2047 μ’.

276 2069 312 2126 V.
333 2069 352 2129 6
380 2065 441 2129 ἀπὸ
469 2077 587 2148 oswod:
616 2069 857 2147 vulgatissimum
885 2071 964 2142 erat,
992 2068 1028 2127 ef.
1047 2070 1167 2146 praeter
1189 2088 1216 2127 n.
1238 2070 1300 2128 117
1326 2071 1357 2128 et
1382 2070 1443 2128 148
1469 2073 1499 2128 et

179 2185 265 2244 quae
288 2166 331 2227 ibi
355 2167 454 2242 attuh',
478 2167 569 2226 etiam
592 2166 886 2244 Eurip.1ph.Taur.
907 2167 1044 2242 373sqq.

448 2281 513 2361 ἥτις
537 2275 622 2366 (dea)
646 2283 761 2362 βροτῶν
784 2277 838 2360 μὲν
860 2277 900 2360 ἢν
922 2304 967 2354 τις
988 2280 1104 2360 ἅψηται
1127 2279 1226 2360 φόνου

445 2379 466 2460 ἢ
490 2379 541 2442 ιιαλ
566 2380 679 2462 λοχείας
701 2376 722 2459 ἢ
745 2387 852 2460 νεκροῦ
875 2379 950 2463 θύρη
972 2385 1070 2459 χεροῖν

446 2480 556 2569 βωμῶν
579 2477 720 2558 ἀπείργει,
744 2475 877 2558 μυσαρὸν
900 2474 941 2551 ὣς
962 2473 1123 2558 ἡγουμένη.

275 2595 450 2656 Notandum
478 2599 523 2656 est
550 2595 676 2671 denique
703 2595 773 2654 hoc:
804 2597 838 2654 in
870 2594 964 2653 altero
991 2593 1045 2653 iilo
1074 2593 1222 2670 exemplo,
1254 2595 1333 2671 qnod
1360 2595 1497 2655 Xanthus

186 2696 270 2772 prius
294 2693 450 2769 inciderat,
472 2694 597 2770 reliquis
619 2695 787 2770 praeceptis
810 2692 985 2752 lustralibus
1008 2683 1167 2772 monast)
1190 2692 1317 2770 legimus
1336 2691 1427 2752 verba
1444 2689 1497 2752 δν-

185 2789 338 2869 δροφόνον
370 2787 445 2870 μηδὲ
476 2788 544 2870 περί
570 2789 623 2852 τὸν
649 2789 752 2868 τόπον,
784 2809 860 2866 quae
888 2789 995 2850 desunt
1026 2789 1058 2848 in
1085 2790 1141 2850 hoc
1174 2791 1282 2864 altero,
1315 2809 1497 2867 quamquam

181 2891 359 2966 ceteroquin
381 2890 437 2949 boc
460 2890 549 2969 longe
573 2887 743 2949 accuratius
766 2892 798 2948 et
820 2888 970 2964 copiosius
992 2887 1046 2946 illo
1069 2891 1124 2962 est,
1139 2905 1241 2964 ‘quare
1264 2906 1323 2948 non
1342 2907 1423 2963 casu,
1446 2889 1496 2948 scd

184 2988 220 3047 de
248 2988 398 3048 industria
421 2987 513 3048 verba
540 2988 595 3047 illa
621 2987 732 3047 omissa
761 3005 824 3046 esse
847 2988 911 3046 veri
938 2986 1035 3046 simile
1063 2990 1122 3062 est,
1152 2988 1329 3062 praesertim
1356 2986 1410 3045 ubi
1436 3006 1496 3046 me·

183 3085 306 3146 mineris
333 3087 365 3143 in
393 3086 478 3145 nulla
505 3087 626 3145 omnino
654 3085 715 3145 alia
737 3084 825 3144 buius
853 3085 969 3162 genem
993 3084 1058 3161 lege
1081 3102 1166 3143 sacre
1194 3083 1293 3145 caedis
1316 3086 1496 3144 mentionem

184 3183 257 3245 fieri.
304 3181 395 3244 Cuius
423 3185 468 3243 rei
495 3184 571 3243 duae
600 3201 706 3243 causae
733 3184 766 3241 ni
793 3183 883 3243 fallor
909 3183 1002 3242 fnisse
1029 3181 1182 3242 ridentur:
1214 3185 1245 3242 et
1273 3184 1345 3258 quia
1372 3183 1408 3242 de
1440 3184 1496 3242 hac

183 3301 215 3342 rs
243 3283 288 3341 ita
314 3282 395 3341 inter
420 3282 556 3342 homines
584 3280 754 3354 constabat,
783 3284 820 3340 ut
847 3280 883 3339 de
910 3298 946 3339 ea
969 3279 1077 3340 diserte
1099 3297 1219 3340 monere
1242 3297 1496 3356 supervacaneum

183 3380 350 3456 videretur,
380 3383 412 3440 et
438 3381 510 3456 quia
537 3380 614 3457 legis
637 3397 739 3439 sacrae
763 3381 828 3438 erat
854 3396 1010 3438 numerum
1032 3377 1149 3437 dierum
1173 3380 1344 3455 praecipere
1367 3379 1496 3437 homini-

183 3477 239 3537 bus
263 3478 367 3555 aliqua
388 3495 421 3536 re
444 3477 610 3553 inquinatis
633 3475 820 3550 servandum,
845 3476 938 3536 donec
961 3477 1098 3554 purgatis
1121 3476 1225 3535 fanum
1246 3479 1360 3536 intrare
1382 3477 1495 3552 liceret,

182 3575 299 3636 homini
322 3578 423 3635 autem
452 3575 541 3635 caede
569 3574 712 3635 obstricto
740 3573 817 3633 nulli
844 3575 965 3633 omnino
993 3573 1056 3634 dies
1083 3573 1279 3648 sufficiebant,
1312 3579 1496 3650 quapropter

178 3673 276 3733 etiam
298 3673 436 3733 Xanthus
464 3673 503 3732 ad
530 3672 691 3732 arcendum
718 3668 910 3752 ἀνδροφόνον
933 3672 1006 3730 olim
1033 3671 1131 3731 verbis
1154 3673 1216 3731 illis
1245 3671 1397 3731 acerrimis
1420 3669 1495 3750 μηδὲ

183 3768 252 3850 ιιερλ
274 3768 326 3830 τὸν
348 3769 441 3832 ιδιιον
464 3789 535 3831 usus
559 3774 630 3830 erat.

274 3869 310 3927 V.
328 3871 344 3927 7
370 3865 484 3948 μηδένα
506 3867 662 3941 θυσιάζειν
684 3863 757 3928 ἄνευ
779 3875 833 3928 τοῦ
856 3861 1133 3947 ιιαθειδρυσαμίνου
1155 3865 1188 3928 τὸ
1211 3865 1303 3945 ίερόνι
1331 3867 1411 3928 idem
1433 3869 1493 3927 fere

181 3967 287 4026 valent
308 3966 399 4027 verba
421 3968 497 4044 legis
520 3979 683 4045 orgeonum
701 3986 729 4025 n.
746 3968 784 4025 41
807 3968 869 4025 ι.7
893 3963 1073 4044 παραβώμια
1095 3961 1128 4025 δὲ
1151 3962 1191 4043 μη
1215 3964 1318 4044 θύεινς
1341 3966 1377 4026 cf.
1402 3968 1494 4026 etiam

181 4084 210 4123 n.
231 4065 273 4124 33
297 4083 324 4122 v.
345 4064 435 4141 bsqq.
458 4067 488 4123 et
515 4085 544 4122 n.
564 4065 605 4124 65
630 4083 658 4124 v.
679 4066 729 4125 26.
782 4063 919 4124 Proximo
947 4063 1013 4124 loco
1040 4062 1131 4122 verba
1157 4060 1293 4143 παρέχειν
1321 4059 1353 4124 δὲ
1380 4061 1431 4124 ιιαλ
1457 4065 1497 4146 τῷ

254 4237 299 4303 16)
327 4233 429 4288 bacin
447 4249 477 4289 ro
496 4233 584 4289 falsus
603 4235 665 4290 crat
682 4233 767 4288 Foco.
784 4233 914 4288 morbum
933 4233 1129 4304 contagiosum
1145 4233 1323 4303 intellegens,
1348 4250 1432 4302 quem
1450 4235 1494 4288 su·

176 4314 226 4385 git
248 4314 278 4368 in
302 4313 391 4368 altero
414 4313 543 4384 exemplo
570 4313 628 4384 legi
654 4309 944 4382 ιειιαραιιονταίαν,
972 4314 1048 4368 unde
1070 4313 1189 4383 φθοράν
1211 4314 1241 4368 in
1264 4314 1395 4368 mulieres
1418 4313 1493 4370 solas

180 4394 283 4450 cadere
308 4396 435 4465 apparet.
472 4393 578 4450 Reciso
605 4395 847 4464 interpretationis
869 4393 940 4448 mihi
963 4394 1020 4448 iam
1043 4394 1152 4464 pridem
1176 4395 1274 4448 auctor
1296 4393 1351 4448 fnit
1373 4393 1493 4462 Usener;

172 4490 272 4544 nuper
289 4475 408 4528 eandem
427 4475 622 4544 pronuntiavit
635 4474 666 4531 E.
676 4473 770 4529 Messe
787 4475 911 4543 Orpbeus
923 4491 950 4543 p.
964 4480 1014 4529 ³11
1029 4476 1087 4528 not.
1098 4479 1130 4528 67
1151 4474 1215 4529 coll.
1229 4474 1292 4528 loco
1306 4473 1492 4546 Apocalypsis

179 4553 369 4624 Pseudopaul.
388 4573 416 4625 p.
433 4559 467 4608 60
486 4551 572 4610 αὗταί
589 4555 661 4610 εἰσιν
680 4555 710 4610 αί
729 4552 887 4624 φθείρασαι
906 4552 1009 4618 ἑαυτὰς
1025 4555 1075 4608 aab
1092 4553 1127 4608 ιδι
1145 4552 1235 4626 βρέφη
1255 4554 1348 4610 αὐτῶν
1362 4553 1493 4611 ἀποκτεί-

179 4650 280 4700 νασαι;
300 4634 370 4689 alibi
388 4637 505 4690 abortus
524 4634 681 4705 ίιιτρωσμδς
699 4635 804 4692 dicitur
821 4633 898 4689 velut
915 4634 946 4688 in
964 4635 1008 4688 tit.
1023 4634 1145 4704 Aegypt.
1165 4653 1191 4688 ιι.
1207 4639 1267 4688 201.

253 4717 299 4784 16)
325 4715 375 4771 16
393 4713 433 4769 III
451 4719 484 4770 37
508 4733 532 4770 v.
553 4721 666 4771 19-23
690 4717 730 4770 sic
753 4717 879 4770 currunt:
908 4713 966 4769 ἀπὸ
989 4721 1091 4782 νεκροῦ
1113 4711 1338 4782 ιιαθαρίσζεσδαι
1360 4713 1492 4783 δεκάταν,

178 4794 238 4849 ἀπὸ
258 4794 415 4865 mutator
434 4792 614 4869 δβδομαία[ν]
634 4827 667 4837 -
686 4793 867 4864 ἀνδροφόνον
890 4795 960 4864 μηδὲ
978 4795 1043 4862 περί
1060 4795 1111 4850 ιδν
1128 4792 1217 4849 educo
1237 4826 1270 4835 —
1290 4793 1347 4850 διαδ
1366 4795 1398 4849 δὲ
1418 4798 1491 4863 φθο-

175 4883 232 4942 ρᾶς
248 4872 512 4943 τειναραιιοσιαίαν.
