3434 5464
236 289 302 354 304
756 289 870 344 LEGES
890 289 1029 344 SACRAE

327 458 389 518 Lex
411 457 442 516 II
466 461 519 518 aut
541 459 670 518 ineuntis
694 459 709 517 I
732 478 758 518 a.
779 458 845 519 Chr.
865 479 894 517 n.
913 451 1056 538 saeculi⁸)
1084 459 1120 518 do
1144 459 1213 517 fano
1242 458 1370 534 quodam
1399 456 1552 530 adeund03

236 557 273 616 cf.
294 556 425 616 eiusdem
448 559 564 635 generis
587 557 667 636 leges
690 577 718 616 n.
734 559 785 616 49.
806 559 946 618 90-92.
973 559 1043 616 145.
1065 558 1137 616 148.
1163 559 1234 615 192.
1260 558 1332 616 201.

330 653 421 714 Cuius
450 655 498 713 dei
526 655 634 714 deaevo
662 657 766 714 fanum
798 656 902 730 fuerit,
933 655 1065 714 dubium.
1110 654 1300 714 Kretsohmor
1330 656 1454 730 propter
1480 672 1551 730 pro-

237 753 369 828 phetidis
392 753 573 812 mentionem
596 774 623 812 v.
640 755 682 812 20
705 753 741 812 de
760 752 900 829 Apolline
918 753 1021 813 Eresio
1045 752 1191 831 cogitavit
1209 744 1292 832 (Hes.
1312 771 1334 812 s.
1349 773 1376 810 v.
1392 743 1551 832 Ἐρέσιος).

236 851 299 910 Neo
329 853 429 909 tamen
457 868 534 910 unus
557 851 666 927 Apollo
694 851 824 910 habebat
850 843 970 932 vatcs⁹)
1003 869 1058 910 nec
1085 869 1150 909 cum
1178 851 1266 910 huius
1296 851 1439 928 religione
1463 868 1551 926 prae·

239 951 359 1024 ceptum
381 947 457 1007 illud
480 967 517 1006 ne
546 947 621 1008 ὅπλα
643 948 853 1026 πολεμιστήρια
874 951 1042 1008 inferantur
1065 949 1215 1022 convenit,
1238 948 1297 1008 nisi
1328 949 1405 1008 forte
1427 948 1551 1006 Eresius

236 1047 346 1122 Apollo
365 1047 453 1105 valde
472 1065 490 1104 a
509 1047 653 1122 Delphico
677 1046 841 1121 differebat,
869 1047 951 1106 cuius
974 1046 1119 1122 templum
1140 1045 1257 1106 σκύλων
1276 1038 1458 1122 Ἑλληνιιιῶν
1477 1043 1550 1104 ἀνά-

235 1147 333 1203 πλεων
351 1143 528 1204 Plutarchus
553 1146 600 1203 De
622 1145 703 1219 Ρμλλι.
723 1162 764 1204 ον,
781 1147 822 1203 15
842 1137 968 1226 dixit.¹⁰)
1004 1144 1052 1204 Ab
1075 1145 1131 1204 hoc
1154 1147 1219 1221 ipso
1242 1149 1400 1221 praecepto
1423 1162 1550 1220 sequen-

236 1242 377 1318 tibusque
400 1241 500 1318 potius
522 1241 767 1318 proficiscendum
790 1245 843 1302 est.
890 1243 972 1312 Quae
999 1261 1070 1302 sane
1098 1245 1170 1302 sunt
1192 1243 1322 1318 permira
1349 1245 1379 1301 et
1400 1243 1480 1300 inter
1504 1259 1550 1315 ea,

239 1359 315 1416 quae
339 1340 375 1398 de
400 1338 578 1399 Graecorum
601 1341 693 1400 sacris
716 1341 888 1415 traduntur,
916 1344 1061 1415 quantum
1084 1341 1179 1414 video,
1203 1341 1380 1418 singularia,
1408 1340 1439 1397 id
1462 1358 1549 1416 prac-

236 1441 331 1514 cipue‚
365 1456 424 1514 quo
455 1437 566 1498 ferrum
598 1443 651 1498 aut
678 1457 728 1498 aas
760 1439 792 1497 in
819 1438 963 1514 templum
993 1439 1097 1497 inferri
1124 1441 1271 1498 vetantur.
1322 1437 1401 1496 Illud
1429 1455 1549 1514 quoque

236 1539 429 1612 praeceptum
451 1555 487 1594 ne
512 1537 591 1612 quod
614 1533 706 1614 δέρμα
729 1541 782 1595 aut
804 1535 963 1596 θνασλδιον
987 1537 1139 1612 inferatur,
1164 1535 1276 1595 Graeco
1299 1536 1433 1612 exemplo
1452 1536 1548 1594 altero

236 1633 286 1692 vix
315 1632 485 1694 confirmari
511 1627 670 1712 potest²¹),
702 1633 754 1694 sed
781 1635 893 1710 optime
916 1633 1106 1693 Kretschmer
1133 1634 1317 1710 comparavit
1340 1633 1483 1692 Varronis
1512 1633 1549 1692 de

239 1731 382 1790 Romanis
400 1731 604 1790 testimoninm
623 1723 673 1812 (de
691 1727 899 1810 z.z.vl184):
922 1733 955 1790 ιἰι
977 1733 1087 1805 αλλοιιολ
1108 1735 1202 1792 sac-ris
1225 1749 1259 1791 ae
1276 1732 1390 1792 curedis
1407 1733 1549 1805 scriptam

236 1831 391 1889 babarus:
412 1848 449 1888 aa
471 1831 548 1902 quod
570 1834 711 1890 scorteum
734 1831 906 1890 adhibeatur
927 1831 991 1890 ideo
1014 1848 1050 1890 νιν
1072 1833 1257 1889 morticinam
1279 1830 1350 1904 qaid
1373 1821 1497 1907 adcon)
1518 1831 1549 1887 ct

237 1927 273 1985 de
297 1926 455 1986 Carmenta
479 1928 599 2003 quidem
621 1928 715 1988 fastos
733 1927 941 1988 Praenestinos
963 1927 995 1987 id
1017 1930 1116 2004 ipsum
1138 1930 1243 1988 testari
1266 1931 1367 1988 monet
1384 1928 1431 1988 his
1449 1926 1549 1986 verbis

239 2021 338 2102 (CIL
357 2017 415 2083 1²1
437 2045 465 2100 p.
482 2018 574 2106 231):
592 2030 702 2100 partus
721 2029 804 2086 curat
822 2029 976 2100 erectoque
997 2028 1111 2098 sotera,
1128 2027 1163 2084 ob
1181 2043 1270 2100 qaam
1288 2043 1410 2084 cuasam
1427 2027 1459 2084 ιἰι
1478 2025 1550 2084 aede

238 2123 300 2182 σι’νο
324 2127 441 2182 νοθείαν
467 2125 504 2183 ab
531 2124 648 2183 scorteis
675 2127 808 2198 οιοιιιῗρνο
835 2127 930 2183 omine
956 2115 1156 2204 medionali)
1202 2121 1283 2192 Quae
1316 2122 1480 2182 similitudo
1514 2141 1548 2182 eo

238 2220 334 2279 maior
357 2223 411 2295 est,
434 2222 505 2296 quia
529 2221 662 2281 Erosium
686 2241 804 2297 quoque
827 2222 913 2281 deam
938 2223 1042 2280 futura
1065 2240 1167 2280 curare
1191 2221 1375 2298 prophetidis
1397 2222 1548 2280 mentione

147 2399 149 2404 Ι
236 2337 264 2376 v.
287 2319 329 2377 20
352 2317 580 2378 demonstratur.
625 2320 670 2379 Ao
694 2321 785 2379 fuisse
812 2320 882 2380 deas
906 2318 1047 2394 Graecas,
1074 2319 1181 2395 quibus
1211 2319 1376 2380 similitudo
1399 2319 1549 2396 quaedam

237 2469 321 2522 modo
340 2487 364 2522 v.
381 2473 414 2522 10
432 2472 498 2538 post
516 2468 652 2540 ελσεελχην
671 2471 839 2526 tantundem
862 2471 920 2526 fere
944 2470 1031 2540 spatii
1049 2473 1139 2524 vacat.
1159 2501 1192 2511 -
1211 2471 1285 2525 Ante
1304 2469 1440 2541 ελστελχην
1458 2470 1548 2524 Pstou

236 2549 265 2602 in
291 2552 393 2619 ectypo
419 2549 530 2604 trabem
552 2550 714 2605 inferiorem
737 2551 850 2606 litterae
870 2553 904 2618 Ε,
931 2552 1105 2622 Papageorg.
1125 2551 1155 2604 in
1177 2551 1301 2621 imagine
1324 2551 1435 2605 litterae
1456 2554 1472 2603 ξ
1491 2551 1548 2604 dis·

238 2629 333 2698 picere
352 2629 407 2684 sibi
421 2630 496 2683 visus
515 2633 565 2685 est.
595 2630 795 2701 Supplernento
814 2632 897 2686 huius
917 2631 957 2696 εἰς
974 2631 1005 2686 τὸ
1024 2630 1136 2700 τέμενος
1153 2647 1204 2701 per
1222 2648 1251 2685 se
1271 2629 1347 2686 haud
1364 2631 1549 2701 improbabili

242 2709 367 2778 spatium
386 2727 453 2764 num
472 2710 594 2764 sufficiat
613 2711 718 2765 dubito.

326 2791 353 2858 2)
382 2790 474 2860 suppl.
491 2791 707 2861 Papageorgios.
1048 2822 1049 2826 ι

327 2872 353 2940 8)
383 2869 475 2940 suppl.
489 2870 558 2940 Ppg.
579 2871 686 2940 optime
705 2875 734 2927 et
753 2872 904 2928 evidenter.
942 2873 1033 2926 Paton
1056 2888 1123 2926 sane
1142 2871 1199 2941 legi
1217 2871 1307 2926 voluit
1326 2871 1475 2944 ἑνφορᾶ]ς,
1499 2872 1548 2926 sed

239 2965 282 3016 ea,
304 2965 377 3018 quae
395 2949 426 3003 in
445 2950 569 3020 imagine
587 2952 701 3019 quidem
720 2955 786 3006 aute
801 2952 917 3022 ἁμέραις
935 2955 1081 3022 apparent,
1100 2970 1156 3006 non
1174 2955 1236 3019 θΣ,
1256 2951 1304 3006 sed
1319 2969 1353 3006 ex
1367 2954 1389 3005 Ω
1403 2968 1548 3022 superesse

237 3027 287 3082 ille
305 3031 381 3084 recte
400 3031 508 3084 statuit.

328 3111 355 3178 4)
376 3111 473 3163 ΤΑΤΩ
493 3111 596 3179 Paton‚
622 3111 672 3165 sed
695 3112 724 3165 in
748 3113 873 3182 imagine
891 3112 1001 3166 nullum
1019 3112 1120 3182 prioris
1139 3114 1163 3165 Τ
1182 3112 1333 3182 vestigium
1352 3112 1439 3166 adest.
1476 3112 1548 3182 Ppg.

237 3188 380 3258 supplevit
403 3190 460 3244 ἀπὸ
478 3191 598 3262 τοκ]ολτω
618 3193 700 3246 acute
718 3192 754 3246 (λθ
772 3209 841 3247 ιοοθ
866 3209 1019 3262 provocans
1039 3195 1074 3246 ad
1094 3191 1218 3260 κάματος
1235 3194 1265 3246 et
1282 3192 1417 3254 θάνατος.
1454 3191 1548 3246 Minus

239 3269 425 3339 probabiliter
442 3271 518 3325 idem
537 3272 625 3325 etiem
644 3290 667 3326 v.
684 3273 746 3326 tin.
767 3273 823 3327 ἀπὸ
842 3273 963 3344 τοιαῦτα
982 3273 1114 3338 restituit,
1135 3275 1201 3326 ante
1216 3274 1264 3324 ΤΩ
1283 3271 1417 3341 reliquias
1435 3271 1549 3326 litterae

237 3355 256 3400 Α
278 3348 416 3418 dispicere
436 3350 492 3410 sibi
510 3351 594 3418 visus,
613 3352 663 3406 sed
682 3352 717 3406 de
735 3353 780 3407 his
798 3352 926 3420 reliquiis
945 3352 1044 3406 dubito
1063 3354 1093 3407 et
1111 3353 1146 3406 de
1164 3368 1194 3406 ιθ
1213 3353 1464 3422 ipsavid.comn1.

327 3433 354 3499 b)
384 3431 588 3486 nominativum
611 3449 662 3501 pro
687 3433 846 3487 accusativo
870 3449 925 3487 non
949 3433 1036 3488 errori
1054 3432 1209 3502 lapicidae,
1232 3433 1281 3486 sed
1300 3431 1416 3486 dialecti
1434 3431 1549 3486 Eresiae

239 3510 437 3564 consuetudini
455 3511 551 3566 deberi
570 3515 731 3566 statuerunt
749 3513 795 3566 Kr.
811 3516 840 3567 et
857 3513 887 3566 P.

328 3593 354 3659 6)
382 3590 537 3663 bethemec]
556 3592 619 3658 Κι.,
648 3593 697 3646 sed
721 3611 784 3647 oum
808 3593 979 3664 singularem
1002 3593 1121 3647 lacunae
1144 3592 1237 3662 spatio
1260 3591 1352 3662 magis
1371 3595 1470 3661 aptum
1489 3608 1549 3646 esse

241 3669 303 3740 ipse
322 3671 493 3737 statuissem,
512 3672 570 3726 iam
588 3672 657 3744 Ppg.
677 3674 707 3727 in
726 3673 780 3728 fine
798 3689 894 3727 versus
912 3672 1047 3742 reliquias
1066 3673 1178 3726 litterae
1197 3675 1216 3724 Α
1236 3671 1367 3741 dispexit.

333 3753 359 3818 7)
389 3751 480 3821 suppl.
494 3751 593 3818 Paton,
613 3751 729 3825 σι]ιλζην
749 3752 902 3808 Zemaridis
922 3769 1005 3821 quem
1024 3754 1135 3807 secutus
1155 3754 1198 3806 est
1216 3751 1276 3816 Kr.;
1295 3752 1350 3806 vid.
1366 3769 1464 3806 comm.

331 3833 358 3900 8)
385 3829 497 3886 litterae
516 3833 645 3902 apicibus
664 3836 780 3887 ornatae
799 3836 873 3900 sunt,
890 3833 925 3886 Pi
943 3833 1054 3887 hastam
1072 3833 1199 3886 demam
1218 3831 1373 3886 breviorem
1391 3831 1512 3886 exhibet.

331 3913 357 3978 9)
386 3927 418 3964 εο
437 3913 529 3981 magis
548 3913 578 3965 id
596 3913 752 3968 notandum
771 3917 852 3982 puto,
876 3931 932 3981 quo
954 3913 1047 3982 magis
1066 3913 1174 3967 animos
1196 3911 1394 3967 nonnullorum
1411 3911 1549 3966 inclinare

241 3989 331 4058 video,
345 3993 377 4044 ut
387 3991 555 4060 Apollinem,
576 3994 643 4062 quia
656 3994 771 4048 oracula
785 3993 845 4048 eius
860 3993 1029 4047 auctoritate
1043 3991 1143 4046 ceteris
1156 3992 1240 4063 longe
1254 3993 1444 4060 praestabant,
1462 4009 1550 4046 unum

243 4069 300 4124 fere
324 4069 497 4125 fatidicum
521 4072 605 4127 deam
628 4073 715 4127 fuisse
733 4076 852 4128 sumant.
891 4071 931 4126 ef.
951 4073 1080 4142 exempla
1098 4073 1246 4136 contraria,
1272 4089 1345 4140 quae
1364 4072 1462 4126 attulit
1480 4071 1549 4125 Her-

242 4165 327 4204 mann
343 4150 415 4206 Ges.
426 4151 499 4206 Att.²
513 4159 528 4218 ξ
543 4158 585 4218 37,
596 4159 621 4218 4,
641 4171 813 4222 quamquam
831 4169 866 4206 ne
884 4154 946 4221 ipsa
965 4153 1079 4222 quidem
1097 4152 1151 4207 hoc
1169 4169 1260 4207 errore
1278 4169 1391 4222 prorsus
1409 4151 1482 4206 liber
1498 4155 1548 4206 eat

314 4231 357 4299 10)
386 4229 509 4298 cietiam
527 4231 628 4287 Herod.
639 4233 703 4286 Vlll
718 4240 750 4287 37
775 4235 810 4287 de
832 4233 973 4302 propheta
996 4231 1131 4302 Delphico
1155 4233 1209 4307 ὁρᾷ
1231 4232 1286 4302 πρὸ
1309 4241 1359 4286 τοῦ
1383 4240 1453 4302 νηοῦ
1477 4231 1549 4286 dulc

240 4306 410 4378 προκείμενα
429 4311 536 4366 ἔσωθεν
555 4313 585 4368 ἐκ
603 4322 653 4368 τοῦ
672 4315 794 4383 μεγάρου
813 4311 1023 4383 ἐξενηνειγμένα
1043 4312 1097 4382 leci.

314 4391 357 4460 11)
386 4407 452 4444 nam
470 4396 652 4463 praeceptum
671 4395 755 4449 nudis
773 4392 893 4462 pedibus
912 4393 1036 4451 adeundi
1054 4393 1109 4446 huc
1127 4392 1266 4462 pertinere
1281 4392 1327 4445 Κι.
1342 4395 1418 4446 recte
1433 4392 1549 4461 negavit

241 4468 336 4538 (aliter
354 4485 421 4522 sane
435 4471 534 4538 Paton,
553 4473 602 4542 qui
622 4475 658 4527 ad
677 4491 781 4528 morem
801 4472 933 4527 Indorum
951 4475 1103 4542 provocat),
1121 4473 1225 4526 nedum
1240 4472 1406 4526 Alectronae
1420 4471 1548 4525 Rhodiae

240 4547 285 4601 lex
304 4567 330 4601 n.
347 4555 407 4618 145,
427 4565 483 4620 qna
502 4553 568 4620 equi
587 4553 660 4606 asini
679 4553 749 4607 muli
768 4553 928 4622 similesque
947 4553 1144 4623 quadrupedes
1163 4569 1219 4606 non
1238 4553 1321 4606 modo
1335 4552 1392 4621 ipsi
1404 4551 1471 4606 fano
1486 4569 1548 4621 pro-

240 4628 384 4696 hibentur,
408 4631 457 4684 sed
480 4633 567 4686 etiam
590 4635 686 4702 μηδεὶς
704 4635 810 4688 τούτων
834 4632 921 4703 μηδέν
949 4633 1051 4687 inferre
1075 4633 1192 4698 vetatur,
1221 4633 1320 4686 eadem
1343 4631 1480 4701 religione
1503 4647 1548 4685 ax-

239 4708 341 4776 plioari
358 4710 457 4778 possit.

313 4791 356 4858 12)
387 4805 422 4844 ne
446 4793 605 4846 secerdotes
629 4793 743 4862 quidem
762 4793 903 4846 Romanos
925 4793 1028 4858 feralia
1050 4799 1194 4847 attrectare
1216 4792 1346 4846 debuisse
1365 4791 1412 4846 Κι.
1431 4791 1547 4856 monuit,

240 4867 275 4920 ci.
295 4868 330 4921 de
350 4885 383 4922 ea
401 4885 431 4923 ιθ
450 4871 537 4925 ctiam
556 4872 694 4926 Wissowa
713 4874 772 4929 Rel.
787 4892 814 4932 ιι,
830 4873 909 4927 Καλλ.
924 4873 951 4927 ελ.
966 4875 1067 4928 Rdmcr
1083 4891 1112 4941 p.
1127 4879 1186 4926 435.
