3424 5462
728 295 821 350 chau
840 315 868 351 n.
884 297 947 351 aaa
1425 293 1490 360 263

180 470 298 541 rantur,
321 469 410 526 aliter
428 467 578 544 explicari.
620 466 776 527 Debebunt
798 466 877 525 enim
900 469 1051 526 mortuum
1072 461 1367 542 κατακεκαλυμμένον
1390 465 1492 524 efferre

181 557 224 646 (v.
246 556 311 646 11),
333 565 365 624 id
389 565 468 642 quod
493 566 590 626 solum
616 562 764 643 ἐπίβλημα
791 584 851 623 non
879 563 1040 636 efficiebat3
1068 582 1140 623 vasa
1164 564 1298 640 quidem,
1325 566 1357 622 in
1385 563 1492 639 quibus

178 663 329 740 prothesis
352 666 434 739 picta
458 667 515 738 est,
542 664 693 740 reliquum
716 681 823 738 corpus
846 662 1034 738 implicatum
1057 661 1208 736 exhibent,
1232 664 1368 738 apertum
1391 665 1492 721 autem

179 762 280 837 ipsum
304 766 404 837 caput.
446 761 581 821 Mortuos
604 763 698 840 igitur
721 779 789 820 cum
812 760 983 834 efferebant,
1006 759 1074 820 aliis
1098 763 1251 836 praeterea
1273 760 1374 818 linteis
1398 761 1493 818 velari

179 877 256 935 opus
280 862 344 918 erat
372 862 402 917 et
428 859 503 917 haec
528 861 596 935 ipsa
623 879 650 918 v.
671 860 712 917 14
741 857 894 938 στρώματα
922 857 980 916 dici
1003 858 1066 917 veri
1094 858 1191 916 simile
1218 859 1302 918 duco.
1353 857 1440 926 Quod
1466 859 1492 916 si

179 959 261 1016 recte
284 959 388 1031 statrsi,
411 956 488 1016 nihil
510 959 572 1016 ianr
596 957 707 1032 obstat,
735 975 772 1015 ne
800 959 953 1016 mortuum
976 955 1071 1015 tribus
1099 956 1160 1016 illis
1183 955 1370 1016 vestimentis
1393 958 1424 1014 in
1448 975 1492 1015 se·

181 1054 305 1130 pulchro
329 1054 367 1113 ab
389 1055 507 1114 Iulietis
530 1055 683 1114 conditum
705 1073 768 1115 esse
791 1058 939 1130 putemus.

270 1153 392 1229 Triplex
411 1157 512 1213 autem
526 1153 652 1214 vestitus
659 1145 698 1234 16)
721 1153 773 1212 ille
792 1157 828 1212 ut
846 1153 907 1212 fere
926 1155 991 1212 erat
1008 1153 1171 1212 secundum
1189 1156 1337 1225 naturam,
1359 1155 1405 1212 ita
1423 1153 1492 1212 inde

181 1251 219 1309 ah
242 1249 368 1309 Homeri
392 1254 490 1311 aetate
515 1243 565 1332 (cf.
585 1251 617 1308 St
637 1252 701 1311 580
724 1249 782 1311 κὰδ
805 1243 831 1310 δ’
853 1249 954 1310 έλτπον
978 1248 1033 1310 trio
1057 1244 1143 1328 φάρε’
1165 1247 1310 1328 ἐΰννητόν
1332 1272 1362 1311 τε
1384 1259 1492 1329 χιτῶνα

180 1345 260 1428 όφρα
283 1345 374 1408 νέκυν
392 1347 528 1420 πυκάσας
551 1349 620 1427 δοίη
644 1342 760 1410 οἶκόνδε
783 1341 943 1430 φέρεσθαι)
967 1349 1119 1407 sollemnis
1143 1349 1235 1409 fuisse
1258 1349 1383 1408 videtur.
1422 1349 1491 1408 Solo

178 1447 244 1522 ipse
268 1465 386 1524 quoque
414 1444 589 1508 συντιθέναι
615 1444 705 1508 πλέον
733 1446 857 1524 ίματίων
880 1454 968 1526 τριῶν
990 1447 1100 1521 vetuit,
1129 1447 1319 1524 aLahyadis
1343 1450 1443 1507 autem
1467 1448 1492 1506 si

178 1563 239 1604 non
267 1544 360 1619 idem,
393 1548 425 1604 at
453 1548 531 1604 certe
558 1546 655 1604 simile
678 1546 873 1622 praecipitur,
906 1545 942 1603 cf.
966 1565 994 1602 n.
1016 1547 1057 1602 74
1081 1548 1111 1603 et
1138 1563 1214 1622 quae
1237 1545 1281 1604 ibi
1303 1566 1331 1622 p.
1352 1548 1415 1605 219
1440 1545 1492 1604 υό-

178 1643 292 1701 notavi.
312 1675 356 1684 -
379 1643 424 1702 De
448 1644 569 1703 colore
593 1643 746 1703 candido
770 1644 805 1703 cf.
825 1642 1004 1702 Artemidor.
1019 1642 1083 1702 113
1109 1640 1158 1702 διὰ
1179 1641 1211 1703 τὸ
1231 1641 1300 1716 τοὺς
1317 1639 1491 1704 ἀποθανόν-

178 1761 231 1812 τας
263 1738 296 1800 έν
324 1743 440 1813 λευκοῖς
471 1738 663 1821 έκφέμεσθαι;
695 1741 856 1801 Messenios
884 1740 1011 1801 candida
1038 1743 1119 1799 veste
1150 1742 1281 1817 sepultos
1313 1759 1376 1802 esse
1403 1741 1490 1800 Paus.

178 1837 224 1896 IV
246 1840 330 1912 13‚3
355 1843 493 1914 testatur,
515 1859 569 1899 nec
591 1841 721 1898 multum
745 1839 844 1899 differt
862 1839 944 1898 color
962 1840 1160 1914 leucophaeus
1179 1839 1253 1918 legis
1273 1839 1491 1915 Labyadarum.

179 1935 243 1996 Nec
267 1939 368 1996 tamen
391 1937 499 1997 desunt
518 1939 652 2014 exempla
670 1938 781 1998 diversi
799 1938 903 1997 moris:
926 1957 985 1996 non
1004 1937 1092 1996 modo
1109 1937 1340 1997 Lacedaemonii
1358 1941 1491 1998 mortuos

179 2053 334 2111 purpurea
356 2039 438 2095 veste
460 2038 480 2094 i.
491 2054 516 2094 e.
531 2039 612 2096 veste
635 2055 697 2112 qua
717 2036 881 2096 utebantur
898 2034 1023 2093 militari
1041 2034 1206 2094 induebant
1225 2028 1318 2116 (Plnt.
1333 2036 1407 2112 Lyk.
1425 2029 1491 2118 27),

179 2133 232 2191 sed
254 2134 285 2191 id
313 2133 392 2211 quod
415 2135 512 2212 magis
534 2135 644 2193 mirum
672 2137 729 2210 est,
757 2153 830 2194 vasa
853 2134 956 2193 Attica
982 2151 1093 2192 morem
1122 2152 1242 2210 prorsus
1271 2135 1419 2194 diversum
1442 2153 1487 2194 ex·

179 2223 338 2312 tibensfl)
368 2263 410 2272 —
441 2231 485 2291 De
513 2233 625 2309 pretii
658 2231 829 2292 definitione
852 2234 889 2291 cf.
911 2231 1120 2308 Labyadarum
1147 2235 1338 2308 praeceptum
1366 2231 1489 2292 11740

179 2348 208 2387 v.
229 2331 323 2406 2sqq.

269 2426 340 2487 V.6
364 2427 397 2508 ἐγ
413 2428 513 2506 κλίνην
535 2427 718 2506 σφηνόποόιι
742 2429 830 2506 pedes
854 2429 925 2488 lecti
947 2428 1143 2486 onneiformes
1166 2445 1228 2488 esse
1251 2428 1400 2504 iubentur,
1423 2449 1490 2506 pro-

178 2524 320 2585 hibentur
350 2528 445 2605 igitur
477 2527 630 2587 artificiosi
662 2531 693 2587 et
722 2527 804 2586 varie
832 2526 930 2586 ornati
961 2525 1065 2601 pedes,
1098 2527 1200 2601 qualos
1232 2526 1264 2583 in
1291 2528 1491 2588 monumentis

178 2624 419 2700 frequentissime
442 2618 685 2704 inueniuntur.¹⁸)
714 2657 758 2667 —
785 2623 820 2684 τὰ
843 2617 1116 2704 ὁολ[ο]σ[χ]εη[έ]αε
1145 2625 1233 2683 lectio
1261 2628 1341 2684 certa
1364 2625 1491 2701 videtur,

179 2723 389 2799 interpretatio
416 2742 476 2782 non
503 2726 590 2800 item3
617 2724 716 2783 Hiller
742 2724 893 2801 intellegit
916 2718 1066 2796 ‘feretrum
1093 2724 1177 2781 caius
1199 2723 1280 2798 λίμνα
1308 2725 1399 2784 aava
1413 2743 1491 2802 ⁹oon·

178 2816 333 2890 sinentur}
367 2820 418 2881 sed
450 2822 562 2899 plurali
593 2819 628 2881 τὰ
660 2817 831 2901 όολοσχεηέα
857 2824 957 2896 ipsum
984 2821 1125 2880 feretrum
1154 2821 1317 2899 significari
1344 2822 1491 2899 displicet,

179 2917 271 2978 immo
298 2924 399 2996 partes
428 2920 575 2996 quaedam
602 2920 682 2994 lecti,
714 2922 840 2979 fortasse
868 2921 959 2978 etiam
986 2918 1104 2995 pedum,
1135 2919 1195 2977 dici
1222 2922 1296 2994 puto
1324 2911 1375 3000 (of.
1399 2923 1491 2980 etiam

180 3018 262 3076 vasis
285 3015 514 3095 descriptionem
538 3037 585 3094 ap.
604 3017 812 3095 Furtwtugler
833 3017 915 3077 Berl.
932 3017 1050 3076 Vocem.
1069 3037 1097 3075 n.
1115 3010 1224 3099 2684).

268 3114 305 3173 V.
325 3116 343 3173 8
368 3111 458 3194 φέρεν
482 3111 513 3175 δὲ
536 3109 620 3175 οίνον
643 3119 715 3175 κτλτ
746 3115 838 3176 etiam
860 3115 892 3174 in
915 3116 981 3191 ipso
1004 3115 1106 3174 funere
1131 3113 1237 3174 Graeci
1259 3115 1404 3174 libamina
1427 3118 1491 3176 vini

179 3212 239 3272 olei
261 3213 397 3273 mellisvc
420 3205 605 3296 ferebant.¹⁹)
648 3213 877 3273 celeberrimum
901 3217 946 3274 est
969 3214 1137 3289 exemplum
1160 3213 1273 3274 funeris
1296 3214 1436 3288 Patrocli,
1459 3217 1490 3274 iu

181 3329 240 3387 quo
263 3310 397 3371 Achilles
421 3312 579 3388 amphoras
603 3313 662 3371 olei
684 3312 841 3388 mellisque
865 3311 1036 3371 adlectum
1059 3312 1140 3370 illius
1163 3313 1249 3387 pouit
1272 3315 1417 3371 ettotam
1437 3333 1491 3389 per

179 3413 297 3468 noctem
321 3412 453 3469 animam
477 3412 540 3469 eius
563 3410 711 3471 advocans
734 3412 838 3469 vinum
861 3409 892 3468 in
916 3413 1027 3470 terram
1050 3410 1140 3470 effuse
1162 3403 1440 3493 11011(Ψ1703η.
1460 3416 1491 3471 et

181 3499 325 3588 218sq.);
349 3504 456 3566 deinde
479 3508 637 3586 Iphigenia
661 3505 760 3568 Oresti
783 3508 942 3584 pollicetur
965 3509 1067 3590 ξανθῷ
1083 3499 1108 3566 τ’
1124 3505 1210 3592 ἐλαίῳ
1230 3515 1313 3585 σῶμα
1332 3507 1386 3569 σὸν
1404 3529 1490 3569 κατα-

180 3601 274 3682 σβέσω
297 3608 356 3664 κτλ.
377 3605 462 3686 (Eur.
481 3605 545 3683 Iph.
565 3607 654 3665 Taur.
675 3599 817 3687 esesq.);
840 3605 1085 3666 manifestissima
1108 3607 1207 3664 autem
1229 3608 1402 3666 testimonia
1421 3612 1490 3667 sunt

178 3705 329 3781 permulta
356 3703 410 3763 illa
438 3705 606 3782 fragmenta
632 3723 772 3764 vasorum
799 3706 831 3762 in
858 3705 992 3780 antiquis
1019 3705 1183 3779 sepulchris
1213 3705 1343 3763 inventa.
1390 3705 1489 3765 Relin-

179 3821 270 3880 quere
298 3802 378 3860 enim
405 3802 542 3861 solebant
568 3803 691 3878 plurimi
718 3805 796 3861 certe
824 3801 930 3861 Graeci
958 3800 1116 3876 amphoras
1144 3801 1350 3878 lecythosquo,
1383 3803 1489 3879 quibus

179 3900 285 3960 vinum
309 3900 445 3960 oleumvc
468 3903 710 3977 apportaverant,
734 3891 895 3972 fractas.¹⁰)
940 3898 970 3958 Is
993 3918 1062 3958 rere
1084 3901 1201 3975 patrius
1225 3904 1290 3958 erat
1312 3919 1384 3974 mos,
1408 3901 1491 3960 velut

178 4090 208 4143 Σ
220 4093 319 4158 sttsq.
334 4105 398 4142 cum
414 4091 445 4142 Ψ
457 4093 508 4141 161
523 4083 571 4157 (ὦς
584 4089 671 4143 είτιὼν
686 4088 720 4143 έν
739 4089 834 4160 χερσί
852 4087 942 4157 κόμην
958 4085 1068 4156 έτοίροιο
1088 4085 1182 4157 φίλοιο
1197 4091 1308 4158 θῆκεν),
1326 4089 1376 4143 ubi
1390 4106 1488 4143 manns

179 4171 265 4238 poeta
282 4185 339 4222 non
358 4167 471 4238 opertas
490 4167 579 4237 fingit.

252 4250 296 4318 16)
319 4248 375 4302 vid.
391 4247 426 4302 de
444 4263 477 4302 eo
496 4265 570 4302 nunc
584 4247 762 4317 potissimum
776 4247 821 4302 W.
836 4246 941 4319 Helbig
958 4249 1003 4302 ba
1017 4249 1069 4304 den
1086 4249 1185 4304 horter.
1196 4249 1489 4320 Βοοίοίλκυηοητόκᾶκ-

176 4329 246 4384 cam
265 4330 341 4398 (Ber.
361 4330 387 4384 d.
403 4329 505 4400 Boyer.
521 4329 573 4383 aa.
589 4329 615 4382 d.
631 4329 711 4384 Wias.
733 4327 855 4397 1900.11)
874 4346 901 4397 p.
916 4333 1065 4382 208—216.

253 4411 296 4479 17)
324 4408 470 4464 Benndorf
488 4407 684 4464 Graeca-Sicci.
700 4408 876 4464 Voeeahtlder
894 4426 922 4478 p.
937 4413 962 4475 8,
981 4408 1089 4464 Pottier
1106 4408 1125 4462 l.
1141 4425 1163 4463 c.
1182 4407 1297 4478 passim.

252 4493 297 4560 18)
321 4489 400 4545 velut
420 4490 545 4544 Monam.
561 4489 623 4544 deu’
638 4489 706 4544 Iust.
722 4487 760 4541 111
770 4495 813 4552 60,
832 4488 1026 4559 Furtwhngler
1039 4489 1191 4544 Besohres't.
1207 4487 1233 4543 ολ.
1245 4489 1374 4544 Βοκλίκοτ
1387 4489 1489 4544 Vaccu-

178 4571 285 4626 οοοτπλ.
305 4575 425 4626 n.1811.

254 4653 297 4720 19)
327 4666 422 4704 omnes
447 4649 568 4704 Graecos
591 4649 645 4703 hoc
666 4665 743 4704 more
766 4665 831 4703 usos
856 4664 916 4704 esse
938 4666 1028 4720 nuper
1051 4648 1138 4704 Barth
1161 4649 1294 4720 probavit
1311 4649 1389 4704 Neue
1407 4647 1490 4704 Jahr-

178 4731 278 4786 caeter
305 4731 326 4797 f.
351 4731 451 4785 Ρλίίολ.
480 4735 550 4784 1900
578 4747 605 4800 p.
630 4733 680 4782 177
691 4747 752 4798 sqq.
780 4728 916 4784 hodierna
947 4746 1058 4799 quoque
1091 4729 1293 4784 consuetudine
1321 4727 1490 4783 Graecorum

177 4811 280 4866 merito
298 4827 373 4864 usus.

251 4893 296 4960 20)
325 4889 360 4944 cf.
380 4889 486 4960 Helhig
505 4891 521 4945 ί.
536 4907 557 4945 c.
577 4907 604 4960 p.
620 4894 770 4944 247-261.
