3426 5462
286 277 329 342 lo
806 273 920 328 sucus
940 273 1079 328 sucusu

284 447 369 520 filus,
398 449 481 524 μεῖον
504 464 558 522 pro
582 444 698 504 filiabus
722 445 855 504 oblatum
879 448 991 520 censet,
1015 447 1093 506 cives
1116 445 1233 505 Atticos
1257 445 1351 504 lilium
1375 448 1479 504 nebim
1502 445 1596 522 pluris
1687 440 1697 470 ⁴³

285 545 389 605 fecisse
417 544 493 618 filis,
520 547 556 602 ut
583 546 652 602 sunt
680 543 827 618 homines,
858 562 967 621 negare
990 544 1072 618 uolo,
1105 547 1138 602 nt
1164 543 1195 601 id
1217 545 1249 602 in
1272 545 1339 619 ipsc
1361 565 1392 602 re
1416 543 1518 604 divina
1540 544 1596 604 toli

286 643 455 703 discrimine
479 642 663 701 declaratum
687 660 748 701 esse
770 644 834 701 veri
861 641 1004 701 dissimile
1033 660 1143 702 censeo.
1190 640 1302 702 Contra
1329 645 1387 717 est,
1416 661 1473 718 quo
1502 643 1597 702 altera
1694 635 1695 652 ³

286 742 340 801 ills
363 743 511 802 sententie
535 739 686 799 commode
710 742 742 798 ni
766 740 856 798 fallor
879 739 1081 800 confirmetur:
1109 759 1162 817 pro
1186 739 1323 818 κουρείου
1352 743 1430 800 enim
1453 739 1596 800 sacrificio

286 840 433 900 sacerdoti
452 838 593 898 drachma
611 837 760 914 penditur,
783 857 837 914 pro
858 837 941 915 μείου
961 839 1105 898 sacrificio
1123 843 1185 897 tres
1204 837 1283 898 oboli
1303 837 1322 896 i.
1333 858 1357 897 e.
1372 839 1497 899 dimidia
1515 858 1598 915 ρωπος

286 938 390 998 eedem
409 941 508 996 sutem
527 938 643 995 ratione
661 938 693 994 in
712 937 779 996 eliis
798 936 914 1014 legibus
933 937 1071 996 lactentis
1092 941 1123 995 ct
1142 937 1264 995 adultae
1282 936 1422 996 victimse
1441 937 1595 997 discrimen

287 1036 490 1110 constituitur,
511 1036 546 1095 cf.
561 1056 589 1094 n.
602 1037 639 1092 41
659 1037 716 1093 ul
735 1042 783 1113 τῆι
802 1031 891 1115 ίερίαι
909 1039 1086 1114 γαλαθηνοῦ
1106 1031 1158 1112 μὲν
1178 1028 1248 1096 :le
1267 1067 1310 1076 —-
1330 1067 1371 1075 -
1387 1043 1440 1094 τοῦ
1454 1031 1485 1094 δὲ
1500 1033 1597 1095 τελέου

287 1129 332 1195 :lli
345 1153 375 1214 t,
393 1156 421 1194 n.
439 1135 501 1194 155
522 1153 549 1192 v.
566 1135 607 1193 30
627 1129 674 1192 ἐπὶ
689 1129 742 1210 μίν
756 1141 808 1192 τῶι
822 1132 930 1192 τελείωι
945 1129 1071 1212 ὀβολοὺς
1091 1133 1155 1210 δύο,
1174 1130 1223 1194 ἐπὶ
1242 1129 1273 1192 δὲ
1291 1137 1466 1212 γαλαθηνῶν
1480 1130 1596 1212 ὀβολόν,

287 1255 314 1293 n.
337 1234 399 1292 132
423 1253 450 1292 τ.
473 1237 510 1292 11
537 1228 688 1308 ἀποδόμεν
706 1239 758 1290 τοῦ
782 1226 835 1308 μὲν
858 1227 955 1311 ἐτέλου
979 1226 1166 1310 ἡμιωβέλιον,
1189 1239 1241 1292 τοῦ
1265 1227 1297 1290 δὲ
1320 1231 1430 1292 τελείου
1454 1225 1597 1311 [ὀβελόν]

286 1331 390 1407 Neque
413 1330 506 1409 igitur
529 1330 641 1403 dubito,
665 1332 737 1404 quin
760 1330 833 1388 item
857 1332 939 1406 μείου
962 1331 1054 1389 fuerit
1077 1329 1182 1408 ἱερεῖον
1205 1327 1380 1409 γαλαθηνόν
1389 1323 1439 1411 ¹¹),
1462 1328 1597 1408 κοάρειον

289 1433 389 1490 sutem
403 1425 521 1489 τέλειον.
552 1427 726 1487 Lectentem
741 1431 840 1486 eutem
855 1428 984 1487 bostium
999 1447 1052 1503 pro
1072 1429 1195 1502 infante,
1214 1424 1322 1487 τέλειον
1340 1447 1394 1504 pro
1409 1429 1597 1488 adulescente

287 1528 386 1588 offerri
410 1529 596 1603 aptissimum
621 1529 674 1586 est.
710 1526 745 1584 Id
769 1528 870 1584 tomen
894 1525 981 1586 facile
1005 1518 1206 1608 Stengelic¹²)
1226 1526 1353 1585 concedo
1378 1531 1460 1603 μεῖον
1479 1527 1597 1602 quidem

288 1646 346 1688 non
365 1627 461 1688 solum
480 1645 534 1702 pro
554 1643 654 1701 puero,
678 1623 837 1683 sedetiam
862 1644 916 1700 pro
940 1624 1040 1701 puella
1063 1625 1178 1683 infante
1199 1623 1360 1684 smnfieeri
1382 1626 1504 1686 solitum
1527 1644 1597 1684 esse.

377 1725 421 1783 De
445 1724 652 1783 emolumentis
675 1723 749 1798 ipsis
775 1722 848 1781 hoec
871 1721 996 1782 educti:
1019 1725 1098 1800 κωλῆ
1118 1723 1165 1781 vel
1189 1719 1290 1794 σκέλος
1313 1742 1349 1782 ee
1371 1742 1440 1799 pars
1459 1724 1597 1783 victimae

289 1828 341 1896 est,
365 1841 440 1900 quus
464 1822 635 1898 saepissime
659 1821 807 1885 sacerdoti
830 1820 923 1880 tm'bui
946 1820 1073 1896 solebot;
1096 1819 1223 1894 πλευρὸν
1244 1821 1289 1880 bis
1307 1818 1356 1881 ἐπὶ
1378 1819 1433 1898 τὴν
1456 1821 1597 1900 τράπεζαν

288 1921 406 1982 decerni
425 1921 628 1998 cognoscimus
647 1913 658 1978 ί
660 1940 689 1977 n.
706 1920 747 1977 24
767 1922 797 1977 et
815 1939 843 1976 n.
861 1911 926 2000 25),
945 1919 1107 1978 sacerdotis
1126 1922 1226 1978 tumen
1247 1923 1281 1978 ut
1299 1919 1418 1979 videtur
1435 1921 1597 1992 commodo,

290 2021 326 2080 of.
345 2037 422 2096 quae
447 2017 482 2076 ad
502 2039 530 2077 n.
547 2020 588 2076 24
608 2039 636 2093 p.
653 2020 670 2076 7
676 2019 693 2076 9
705 2035 748 2093 sq.
768 2018 896 2094 exposui.
934 2009 1075 2096 Aures¹³)
1098 2017 1235 2078 sacerdos
1255 2017 1369 2077 Cereris
1389 2017 1466 2079 (tous
1489 2020 1598 2095 accipit

289 2111 390 2198 (Prott
412 2117 499 2177 Fasti
527 2137 554 2175 n.
577 2119 594 2174 5
619 2137 646 2176 v.
668 2107 732 2197 62).
760 2148 796 2156 --
823 2113 927 2196 ἐλατήρ
955 2116 1110 2192 placentae
1137 2135 1239 2193 genus,
1267 2116 1302 2174 de
1332 2136 1391 2192 quo
1420 2116 1501 2175 Suid.
1525 2137 1546 2176 s.
1572 2138 1596 2175 ι.

289 2213 388 2293 πέμμα
411 2213 634 2285 πλακουντῶδες
657 2209 676 2291 ἢ
700 2210 787 2293 άρτος
810 2211 921 2286 πλατὺς
943 2211 976 2273 ἐν
998 2201 1021 2297 ᾧ
1040 2213 1124 2285 ἔτνος
1152 2212 1288 2274 ἐτίθεσαν
1311 2212 1361 2274 καὶ
1383 2223 1536 2295 προσῆγον
1559 2219 1598 2298 τῷ

289 2314 389 2398 βωμῷ,
412 2313 705 2389 oi.A1istoph.Ach.
728 2313 790 2370 246
816 2309 926 2383 ἀνάδος
946 2312 1032 2390 δεῦρο
1052 2310 1106 2389 τὴν
1129 2310 1286 2393 ἐτνήρυσιν
1309 2306 1349 2372 ἵν’
1370 2311 1452 2385 ἔτνος
1471 2309 1597 2392 καταχέω

289 2410 467 2492 τούλατῆρος
494 2412 620 2472 τουτουί.
645 2443 689 2451 —-
713 2415 900 2488 χοινικιαῖονι
924 2411 1041 2486 saepius
1065 2411 1219 2487 placentne
1242 2429 1380 2470 mensum
1403 2410 1598 2471 definiebatur

290 2510 373 2569 velut
390 2509 478 2576 Prott
495 2511 582 2568 Fasti
600 2529 628 2567 n.
644 2511 662 2568 3
683 2510 793 2585 possim
814 2506 950 2568 πόπανον
969 2513 1154 2587 χοινικιαῖον,
1176 2529 1204 2567 ιι.
1222 2513 1239 2568 5
1260 2529 1286 2567 v.
1303 2509 1344 2567 48
1364 2503 1462 2588 άρτο[ι
1480 2504 1550 2589 δά]ο
1569 2507 1597 2581 ἐξ

290 2603 438 2686 ἡμιὲκτου,
457 2609 515 2666 nb
531 2609 588 2666 ull
609 2604 711 2686 ἐλατὴρ
731 2603 760 2679 ἐξ
780 2601 918 2684 ἡμιὲκτον
939 2601 1090 2687 [σπ]υρῶν
1106 2608 1225 2685 legitur,
1244 2607 1280 2666 cf.
1296 2610 1387 2666 etism
1401 2601 1489 2668 buius
1504 2608 1597 2666 libelli

289 2727 317 2766 n.
335 2707 396 2765 128
416 2726 443 2765 v.
459 2707 478 2764 8
500 2697 623 2786 (Ther).
639 2737 682 2745 -
698 2703 782 2764 νίνου
801 2701 942 2783 ἡμίχουνι
961 2723 1066 2781 nempe
1085 2709 1204 2782 prester
1221 2704 1254 2764 id
1271 2707 1383 2781 vinum,
1403 2705 1483 2781 quod
1499 2709 1597 2782 potres

289 2804 344 2864 hoc
362 2803 409 2863 die
428 2804 504 2864 festo
524 2803 660 2863 omnibus
678 2803 867 2878 phrcteribus
887 2804 1065 2864 dedicabant
1078 2797 1225 2884 (Polum
1238 2806 1278 2863 52
1299 2797 1318 2881 ἡ
1338 2801 1370 2863 δὲ
1389 2800 1463 2882 ὑπὲρ
1482 2813 1540 2864 τῶν
1557 2803 1598 2875 είς

289 2901 359 2975 τοὺς
373 2901 522 2982 φράτορας
535 2899 733 2980 εἰσαγομένων
747 2901 863 2962 παίδων
877 2901 962 2962 οἴνου
976 2900 1108 2973 ἐπίδοσις
1122 2900 1285 2980 οἰνιστήρια
1299 2900 1426 2962 ἐκαλεῖτο
1437 2903 1524 2962 ctVI
1534 2895 1596 2983 22).

381 3090 429 3145 18.
456 3089 565 3144 Tubulo
583 3091 731 3144 marmoris
744 3089 881 3145 Pentelici
900 3089 1087 3156 inlustrante,
1105 3093 1219 3160 reperto
1232 3091 1347 3144 Piraei
1368 3090 1451 3146 ‘nard
1465 3091 1517 3160 τὴν
1531 3093 1597 3145 ἀνα-

290 3170 402 3240 τολικὴν
421 3167 562 3238 παραλίαν
584 3169 676 3234 Ζίας’,
695 3170 831 3240 inscripto
851 3171 880 3225 in
899 3174 1033 3240 quattuor
1050 3170 1199 3226 lateribus:
1224 3171 1253 3224 in
1271 3171 1363 3225 fronte
1383 3173 1440 3242 (A),
1463 3171 1493 3225 in
1512 3170 1598 3226 lutere

290 3252 404 3305 sinistro
422 3251 474 3320 (Bt,
493 3251 523 3305 in
543 3251 689 3320 superficie
704 3249 755 3320 (C),
774 3251 804 3304 in
821 3255 902 3321 porte
922 3269 1019 3306 averso
1038 3249 1090 3321 (D).
1124 3251 1194 3305 Edd.
1210 3249 1357 3321 Drogstsis
1373 3248 1436 3321 Ἐφ.
1449 3249 1520 3322 'Att-
1533 3257 1598 3306 1886

289 3350 317 3401 p.
334 3337 367 3385 88
388 3334 416 3386 et
434 3331 569 3396 Kcehler‚
593 3332 642 3400 qui
661 3332 810 3401 execmpsit
827 3331 920 3386 Piraei
939 3332 968 3385 in
991 3348 1101 3398 museo,
1120 3333 1139 3384 Ι
1144 3333 1170 3387 G
1187 3331 1213 3386 11
1234 3337 1315 3396 1651,
1339 3331 1405 3386 inde
1423 3331 1529 3386 Michel
1548 3333 1598 3387 Rc·

289 3413 362 3467 οκοιλ
381 3416 446 3479 872,
465 3409 665 3481 Dittenbsrger
684 3411 765 3483 Syll*
784 3417 843 3466 681.
882 3411 922 3476 Cf.
942 3413 1028 3467 etism
1047 3411 1236 3466 Wilemowitz
1255 3413 1355 3484 Isyllcs
1372 3431 1399 3482 p.
1417 3417 1534 3482 100sqq.

291 3589 396 3644 locutio
410 3589 461 3645 ills
476 3591 555 3656 miro,
569 3589 754 3659 probabiliter
768 3592 863 3646 tomen
873 3591 997 3646 Dittenb.
1009 3599 1119 3658 πρῶτον
1133 3591 1194 3653 ἔτος
1208 3607 1263 3644 non
1277 3591 1424 3661 priorem
1439 3609 1544 3647 annum
1559 3592 1598 3646 in·
1696 3585 1697 3596 ¹

290 3670 408 3736 tellexit,
427 3671 476 3726 sed
495 3670 696 3740 proximum,
710 3673 752 3726 ite
770 3674 802 3725 ut
820 3674 886 3726 onte
903 3668 921 3740 ἢ
940 3671 1102 3726 adverbium
1122 3671 1341 3741 comparativum
1356 3671 1480 3741 (ὕστερον
1495 3673 1599 3743 opinor.
1696 3683 1697 3750 j

293 3752 327 3806 ol.
344 3751 502 3806 Buermsnn
521 3753 596 3806 Berl.
612 3753 685 3806 Phil.
703 3752 887 3807 Wochsusobr.
907 3757 976 3806 1889
995 3770 1023 3821 p.
1038 3753 1101 3821 268)
1115 3751 1208 3806 animo
1228 3751 1415 3822 supplendum
1434 3753 1478 3807 sit.
1500 3785 1529 3793 —
1543 3753 1598 3807 luni

291 3849 355 3886 vero
374 3831 444 3886 lseei
463 3830 534 3900 loco,
554 3850 609 3901 quo
625 3832 737 3902 Lipsius
756 3832 904 3886 nitituer
915 3839 948 3886 22
963 3831 1025 3886 coll.
1038 3838 1053 3898 ξ
1070 3838 1102 3885 14
1117 3834 1146 3885 et
1160 3837 1203 3900 27,
1222 3831 1293 3886 nihil
1308 3833 1376 3886 certi
1392 3833 1521 3900 efficitur,
1536 3835 1599 3902 quis

291 3911 378 3966 Alone
393 3911 444 3964 filii
459 3913 573 3982 proprio
587 3915 648 3966 erut
662 3913 803 3979 condici0;
818 3912 954 3966 infantem
965 3912 1039 3966 onim
1054 3912 1152 3980 utique
1167 3913 1240 3966 hunc
1253 3911 1406 3967 Euctemon
1416 3929 1472 3967 non
1482 3913 1599 3978 induxit,
1696 3907 1697 3978 l

291 3989 321 4044 id
347 3990 437 4046 solnm
462 3995 572 4046 constet
598 4009 661 4046 eum
685 3995 751 4047 onte
775 3993 915 4048 decimum
938 4009 1042 4047 cunum
1064 3993 1211 4047 inductum
1230 4008 1304 4060 essm
1327 3992 1427 4062 quodsi
1451 4009 1474 4048 e.
1492 4013 1518 4064 g.
1539 3997 1599 4048 octo
1696 3981 1697 4052 λ

292 4091 378 4126 annos
398 4074 495 4126 notum
515 4072 638 4138 induxit,
663 4082 751 4143 μεῖον,
771 4075 794 4127 si
813 4073 902 4127 modo¹
915 4073 944 4127 id
963 4091 1013 4143 pro
1032 4071 1188 4126 insentibus
1207 4072 1334 4126 oblatum
1357 4089 1417 4127 esse
1435 4089 1532 4128 verum
1551 4077 1599 4139 est

292 4151 447 4208 sacrificare
466 4169 521 4205 non
541 4153 596 4207 ism
615 4155 709 4223 potuit
728 4157 842 4223 eratque
861 4155 955 4224 aptius
975 4154 1112 4220 κοίρειου.

365 4235 408 4286 lli
427 4231 505 4286 Idem
523 4233 590 4300 fere,
609 4233 717 4288 incerto
736 4237 830 4288 tumen
848 4234 958 4288 ratione
973 4235 1004 4288 A.
1019 4233 1174 4288 Mommsen
1193 4253 1219 4304 p.
1236 4240 1287 4288 333
1306 4234 1373 4288 inde
1387 4234 1511 4305 collegit.
1526 4237 1600 4304 quod

292 4313 323 4366 τὸ
338 4321 416 4380 μεῖον
431 4313 460 4365 in
474 4311 548 4366 libro.
561 4314 734 4383 pensitetum
749 4331 808 4370 esse
823 4315 939 4369 trudunt
953 4314 1096 4384 (Herpcer.
1113 4333 1133 4368 s.
1145 4333 1177 4380 u,
1198 4313 1283 4368 schol.
1295 4315 1437 4384 Aristoph.
1448 4315 1519 4368 lton.
1531 4317 1601 4380 tusi,

292 4393 322 4446 id
342 4395 436 4447 cutem
455 4392 630 4448 solummodo
649 4395 677 4448 in
697 4397 778 4465 agnis
797 4413 867 4466 opus
886 4395 993 4450 fuisset.

366 4474 409 4540 12)
429 4474 504 4527 Berl.
520 4475 592 4528 Plu'l.
609 4476 794 4530 Woctensetr.
816 4482 884 4530 1902
903 4495 930 4546 p.
947 4481 1005 4529 786.
1696 4513 1697 4528 2

365 4553 409 4622 13)
432 4567 466 4606 ex
484 4554 559 4606 suris
578 4556 720 4609 mentione
739 4556 770 4610 A.
786 4555 871 4610 Koite
890 4560 1012 4624 (Hennes
1031 4555 1158 4610 XXXVII
1176 4575 1202 4626 p.
1219 4561 1269 4610 587
1290 4557 1364 4626 adn.)
1388 4557 1509 4610 hostiam
1528 4559 1601 4626 Aps·
1696 4591 1697 4626 3

293 4631 374 4686 turiis
393 4632 603 4688 sacrificandum
626 4653 742 4706 porcum
765 4636 865 4702 fuisse,
888 4637 1022 4706 quonium
1046 4654 1101 4690 non
1125 4637 1179 4690 nisi
1199 4637 1298 4690 borum
1318 4653 1398 4691 sures
1416 4637 1601 4706 uenissent,

293 4715 374 4766 sente
394 4714 423 4766 et
440 4729 498 4766 rem
518 4713 578 4784 ipse
593 4719 722 4785 expertus
740 4716 869 4784 coniecit,
888 4719 918 4770 ot
931 4717 1056 4782 victims,
1071 4717 1150 4770 cuius
1165 4733 1245 4772 sures
1260 4717 1331 4771 Cous
1346 4718 1475 4772 sacerdos
1490 4717 1601 4788 occipit,

294 4794 337 4845 est
356 4793 425 4861 ovis,
444 4794 528 4861 atque
543 4795 629 4848 etism
645 4797 788 4864 Apaturiis
808 4813 872 4852 oves
886 4813 948 4852 csse
963 4797 1132 4852 smrificotns
1146 4798 1263 4851 trudunt
1277 4796 1354 4851 Suid.
1368 4795 1418 4850 111
1439 4816 1466 4867 p.
1483 4803 1535 4852 818
1554 4799 1600 4852 καλ

295 4871 310 4925 δ
330 4872 361 4926 τὸ
380 4871 523 4943 πρόβατον
542 4875 662 4946 εἰσάγων·
680 4876 834 4947 μετωγαγδς
853 4878 976 4933 ἐκαλεῖτο
995 4881 1023 4934 et
1042 4876 1111 4932 Poll.
1126 4877 1165 4932 III
1184 4883 1217 4934 52
1238 4879 1285 4932 καλ
1304 4873 1347 4944 οἷς
1365 4878 1476 4947 φρατὴρ
1495 4881 1550 4934 κτλ,
