3434 5464
672 203 836 260 RHODIAE
854 223 882 260 n.
898 210 957 261 14⁸.
974 211 1024 260 149

514 371 608 456 ἁγνὸν
629 371 683 456 χρὴ
706 378 793 434 ναοῖο
816 373 953 446 θυώδεος
974 373 1057 448 ἐντὸς
1080 373 1162 436 ἰόντα

515 469 650 550 ἔμμεναι·
674 469 777 554 ἆγνείη
801 463 830 533 δ’
851 469 911 533 ἔστι
933 475 1058 554 φρονεῖν
1080 473 1157 552 ὅσια,

187 601 295 674 poetae
318 597 409 657 fuisse
432 615 545 672 versus,
569 615 629 658 non
652 599 748 678 legem
771 617 887 658 saoram
909 599 1069 658 tenendum
1093 603 1145 658 est.

278 696 390 756 Eomm
414 695 521 773 quibus
545 715 696 774 corpora
719 699 837 774 impura
860 696 944 772 fiunt,
967 716 1073 775 egmen
1096 697 1210 758 ducunt
1231 698 1291 758 eibi
1312 699 1436 776 aliquot,
1460 699 1496 759 de

189 795 297 872 quibus
322 794 395 854 alibi
417 793 494 853 nihil
516 795 578 854 tale
601 795 738 855 traditur.
783 795 915 855 Fouoart
942 814 1012 855 saue
1035 816 1102 855 cum
1125 817 1153 855 v.
1169 799 1208 856 11
1233 793 1292 858 ἀπὸ
1315 804 1407 877 τυροῦ
1430 815 1498 856 oon·

187 894 261 953 tnlit
283 891 381 952 Strab.
400 891 442 951 IX
463 896 491 968 1,
508 895 546 951 11
576 889 631 970 τὴν
655 890 763 974 ἱέρειαν
786 901 838 972 τῆς
863 891 1011 964 Πολιάδος
1035 886 1169 971 Ἀθηνᾶς
1191 897 1305 976 χλωροῦ
1331 903 1422 976 τοροῦ
1445 903 1498 954 τοῦ

188 988 244 1069 μὲν
265 989 424 1072 ἐπιχωρίου
452 987 493 1069 μὴ
521 989 680 1066 ἅπτεσθαι,
708 989 823 1062 ξενικὸν
849 987 881 1051 δὲ
909 988 1001 1069 μόνον
1024 989 1261 1072 προσφέρεσθαι,
1289 993 1370 1068 quod
1397 996 1497 1052 tamen

189 1091 306 1149 ratione
328 1090 521 1148 castimoniae
546 1089 689 1166 explicari
711 1090 825 1166 nequit,
848 1089 884 1148 of.
908 1088 943 1148 de
966 1089 1023 1148 hae
1045 1109 1077 1148 re
1099 1111 1128 1166 p.
1150 1092 1213 1150 150
1235 1092 1368 1150 not.12.

278 1187 314 1246 V.
336 1190 376 1247 12
400 1184 460 1246 ίιιιὸ
483 1181 681 1266 φθορείῘων]ι
710 1187 830 1247 abortus
854 1187 973 1262 dicitur,
1000 1189 1037 1246 of.
1061 1206 1136 1264 quae
1159 1187 1198 1247 ad
1220 1208 1249 1249 n
1269 1189 1310 1247 49
1334 1207 1361 1247 v.
1383 1189 1400 1246 7
1425 1187 1495 1247 dixi.

189 1285 272 1346 Idem
299 1285 479 1347 vocabulum
507 1285 586 1361 quod
608 1285 658 1343 hio
685 1285 779 1344 latere
806 1284 884 1345 Plut.
909 1285 1008 1345 tuend.
1030 1303 1091 1346 san.
1111 1303 1207 1362 praee.
1227 1305 1250 1346 o.
1271 1287 1312 1344 22
1341 1282 1496 1346 ἀκόλαστοι

188 1388 328 1464 γυναῖκες
345 1381 490 1462 ἐκβολίοις
508 1382 653 1462 χρώμεναι
673 1380 724 1442 καί
742 1383 885 1462 φθορίοις
902 1385 1020 1443 monuit
1033 1383 1118 1442 Dttb.
1140 1415 1178 1426 -
1203 1403 1230 1443 v.
1248 1385 1288 1443 13
1308 1379 1366 1444 ἀπὸ
1385 1381 1497 1461 κήδους

191 1477 343 1562 [oletum
366 1482 402 1542 of.
422 1501 451 1540 n.
466 1482 508 1540 49
528 1501 555 1541 v.
572 1482 601 1556 6,
620 1501 648 1540 n.
665 1483 727 1540 117
749 1501 776 1540 v.
792 1483 821 1556 2,
844 1502 872 1540 n.
889 1483 951 1541 192
972 1500 997 1540 v.
1014 1482 1093 1559 δερ,
1115 1482 1192 1540 unde
1216 1483 1347 1558 spatium
1370 1481 1496 1558 quadra·

189 1582 274 1658 ginta
297 1580 420 1656 dierum,
445 1579 524 1656 quod
547 1579 596 1638 hio
619 1579 751 1638 familiae
774 1579 908 1639 funestae
930 1578 1152 1656 praescribitur,
1183 1598 1377 1659 permagnum
1401 1582 1431 1639 et
1452 1579 1497 1637 in·

190 1679 312 1738 solitum
339 1679 431 1737 fnisse
459 1669 626 1758 apparet.⁵)
652 1709 695 1717 -
717 1697 745 1738 v.
767 1679 807 1736 14
836 1677 1017 1738 adieetivum
1043 1675 1168 1756 νόμιμος
1194 1678 1243 1736 hio
1270 1697 1331 1737 non
1358 1677 1395 1736 de
1417 1679 1497 1736 iusto

190 1778 382 1836 matrimonio
411 1768 462 1858 (cf.
486 1795 513 1834 n.
535 1777 596 1836 192
631 1771 689 1834 σἰτιδ
722 1772 775 1852 μὲν
802 1783 855 1854 τῆς
887 1774 965 1848 ίδίας
996 1773 1137 1856 γυναικὸς
1164 1807 1208 1816 -
1232 1807 1274 1817 -
1297 1807 1342 1817 -·
1373 1771 1432 1836 ἀπὸ
1466 1769 1498 1834 δὲ

190 1867 356 1956 ἀλλοτρίας)
379 1873 613 1952 intellegendum
636 1891 708 1948 esse,
731 1873 821 1933 immo
844 1874 1012 1933 naturalem
1036 1875 1094 1933 viri
1121 1876 1152 1932 et
1174 1873 1301 1933 feminae
1324 1875 1497 1933 mixtionem

190 1972 228 2031 ab
252 1971 320 2032 aliis
342 1973 459 2032 veneris
480 1970 646 2049 generibus,
669 1991 745 2048 quae
764 1974 868 2030 eontra
886 1976 1025 2031 naturam
1043 1975 1122 2046 sunt,
1145 1971 1291 2050 distingui
1309 1970 1394 2030 Dttb.
1413 1975 1499 2031 aoute

190 2070 370 2130 observavit.
394 2101 438 2111 -
460 2090 488 2130 v.
509 2070 549 2128 18
574 2066 633 2129 οἰτιὸ
655 2069 848 2150 παρθενείαςι
878 2071 1036 2149 virginitas
1059 2071 1189 2148 primum
1211 2073 1314 2146 erepta
1337 2069 1397 2129 dici
1421 2068 1499 2130 vide·

190 2171 248 2227 tur.
287 2169 436 2228 Numerus
460 2167 574 2227 dierum
597 2168 629 2226 in
651 2167 751 2245 lapide
774 2187 938 2244 numquam
956 2168 1083 2246 scriptus
1102 2167 1193 2227 fuisse
1212 2166 1342 2244 videtur3
1365 2167 1499 2227 Dittenb.

190 2285 249 2342 eas,
273 2285 351 2342 quae
374 2267 504 2344 primum
526 2267 626 2325 virum
649 2269 787 2342 expertae
810 2267 905 2341 erant,
929 2265 1019 2342 paulo
1042 2266 1161 2344 longius
1184 2267 1254 2325 fano
1278 2265 1427 2326 abstinere
1450 2264 1498 2324 de·

190 2365 288 2424 buisse
320 2368 429 2440 censet,
459 2363 492 2422 id
524 2363 603 2442 quod
635 2384 689 2441 per
720 2383 751 2424 se
782 2362 937 2441 probabile
969 2367 1014 2425 eat
1045 2383 1098 2424 neo
1127 2368 1227 2424 tamen
1258 2363 1399 2440 exemplis
1427 2381 1497 2422 oon-

189 2461 303 2522 firmari
324 2466 432 2540 potest.

280 2685 349 2742 lle.
381 2685 459 2742 Stela
476 2703 563 2756 parva
582 2703 599 2740 a
618 2686 717 2740 dextra
735 2686 904 2756 sinistruque
922 2686 1047 2757 integra,
1073 2703 1146 2755 qnae
1164 2703 1238 2740 nuno
1255 2686 1361 2756 perisse
1380 2685 1499 2754 videtur,

187 2769 220 2822 in
238 2784 306 2837 agro
325 2766 524 2822 Lindiorum
548 2783 636 2836 prope
656 2767 746 2820 vicum
765 2763 940 2832 λκολλακιοί,
963 2766 1012 2820 ubi
1036 2765 1104 2821 olim
1122 2769 1185 2822 erat
1203 2763 1335 2835 Νίττιια,
1353 2783 1379 2822 a.
1395 2770 1464 2821 1811
1483 2783 1500 2820 ιι

189 2847 290 2902 Rossio
317 2847 458 2917 exscripta
485 2848 540 2916 est,
573 2847 675 2902 deinde
703 2847 780 2902 edita
808 2848 955 2902 Ηιίλικιλο
983 2847 1030 2899 12
1060 2849 1150 2918 (1848)
1180 2851 1244 2914 112,
1263 2851 1305 2900 lo.
1356 2845 1500 2915 Repetivit

189 2927 334 2998 exemplar
356 2927 448 2983 Rosaii
473 2927 563 2982 Hiller
587 2945 610 2982 v.
631 2925 799 2999 Garmngen
824 2928 845 2981 I
847 2926 873 2982 θ
895 2925 975 2980 Xlll
1001 2945 1026 2980 n.
1048 2931 1099 2982 982
1123 2925 1169 2996 (of.
1190 2927 1266 2982 Gerr.
1289 2944 1317 2995 p.
1333 2928 1408 2996 207),
1433 2925 1500 2981 inde

191 3027 213 3062 v.
234 3007 338 3063 Gelder
356 3007 472 3064 SGDI
488 3013 566 3062 4226.

701 3118 868 3184 Λάκων

701 3225 883 3290 Ὑακινθίου

701 3333 828 3410 τετράδι
862 3333 913 3396 ἐπὶ
945 3332 996 3396 δέ·

700 3458 753 3503 κα·
766 3439 873 3504 ‘allos
883 3439 998 3519 ἔριφον

666 3547 818 3611 σλευκὸν
857 3545 876 3624 ἢ
917 3565 997 3624 πυρ-

701 3654 760 3732 ρὸν
776 3651 922 3736 alati!
943 3673 997 3716 κα·

701 3779 842 3838 ταχρουν
862 3807 872 3823 .
892 3758 960 3839 ῙΑΙ

701 3867 809 3932 θύεται
861 3886 963 3945 πατρε

699 3973 868 4056 ῼνιαυτον.

278 4141 323 4200 De
355 4143 447 4202 saone
477 4142 604 4218 privatis
635 4139 697 4218 agi,
730 4133 906 4209 θοοὶ-’Ἅλιος
937 4139 1009 4198 dens
1042 4139 1177 4215 prinoeps
1210 4139 1276 4198 erat
1304 4135 1501 4213 Rhodiorum,

194 4259 301 4300 nomen
329 4238 442 4300 Λάκων
468 4241 684 4317 praescriptum
713 4235 856 4311 ostendit,
884 4234 920 4294 of.
944 4256 973 4296 n.
994 4237 1056 4295 128
1085 4225 1169 4316 οὖροι
1196 4245 1251 4317 χᾶς
1276 4235 1360 4296 Θεῶν
1383 4235 1500 4317 Ματρί·

190 4371 234 4381 -
259 4371 299 4379 -
324 4337 418 4399 θυσία
438 4331 585 4419 Ἀρχίνου·
609 4344 662 4397 τῶι
684 4333 740 4398 ἔτει
762 4343 814 4395 τῶι
836 4333 995 4416 πραιίσιοιι
1017 4331 1142 4393 θύσοντι
1165 4336 1223 4394 κτλ.

281 4567 308 4635 ο)
337 4563 372 4617 de
391 4578 458 4617 voce
477 4564 563 4632 κῆδος
585 4560 615 4614 in
637 4559 691 4614 hoo
717 4575 824 4615 oonexu
842 4557 972 4614 sollemni
991 4557 1026 4612 of.
1041 4560 1154 4628 praeter
1171 4574 1198 4612 n.
1215 4561 1265 4611 117
1285 4558 1373 4612 etiam
1386 4557 1501 4629 Joseph.

192 4661 215 4701 o.
230 4645 331 4715 Apion.
351 4643 433 4710 nes,
446 4646 496 4696 198
515 4637 630 4712 ἁγνείας
648 4639 705 4696 aaa
724 4637 840 4708 κήδους,
861 4638 919 4692 ἀπὸ
938 4641 1034 4711 λεχοῦς
1051 4639 1121 4705 κτλ,
1140 4635 1281 4706 Obryaost.
1297 4635 1402 4692 Homil.
1419 4643 1451 4692 19
1470 4637 1501 4693 in

192 4725 274 4861 χρίσλ.
294 4724 339 4861 οφί
355 4719 590 4858 Ερλι.18εδοίιιασι
610 4721 732 4792 (Graece)
754 4719 789 4776 τὰ
813 4720 864 4774 oda
886 4717 954 4773 δντα
972 4715 1156 4788 ἁμαρτήματα
1175 4713 1237 4772 οἷον
1256 4713 1347 4789 δίκον
1367 4717 1501 4788 σώματος,

210 4807 288 4880 ἦδος,
335 4824 385 4877 χος
402 4823 457 4860 κτ.
