3424 5462
271 315 337 379 242
790 313 905 369 LEGES
925 313 1065 369 SAGRAE

359 484 519 544 Decretum
533 476 817 564 Demetriensium⁹)
836 483 872 543 de
892 484 1011 543 oraculo
1025 482 1175 559 Apollinis
1191 482 1345 560 Compasi,
1365 483 1445 560 qnod
1460 487 1595 559 praeter

270 583 522 642 Demetriensium
540 583 672 659 ipsorum
691 585 844 659 praetores
862 581 1152 658 nomophylaeesqne
1170 583 1263 641 etiam
1276 599 1445 642 communes
1459 581 1592 660 Magne·

270 685 334 740 tum
362 683 570 759 magistratus,
602 684 723 758 praetor
750 680 923 758 Magnetum
951 681 1116 739 communis
1145 683 1175 738 et
1202 678 1338 739 sacerdos
1364 679 1445 739 Iovis
1472 679 1594 740 Acraei

269 781 459 856 rogaverunt
482 797 545 853 nec,
569 779 595 838 si
618 778 739 856 quidem
762 777 930 837 Demetrias
953 796 1012 837 non
1035 776 1125 837 modo
1148 780 1239 854 eaput
1262 777 1320 837 fuit
1342 781 1438 837 terrae
1459 777 1592 856 Magne-

271 877 342 952 siae,
364 876 416 936 sed
440 875 531 936 etiam
550 877 681 954 plurime
699 876 810 952 oppida
827 875 1005 954 Magnetioa,
1029 893 1095 934 eum
1114 873 1282 936 Demetrias
1301 875 1485 950 conderetur,
1508 877 1592 952 pagi

271 975 352 1035 urbis
378 993 474 1034 novae
502 974 584 1033 faeta
611 992 673 1034 esse
701 966 900 1053 videntur¹⁰)‚
928 991 1058 1032 summos
1081 972 1255 1050 Magnetum
1282 975 1475 1051 magistratus
1500 973 1593 1049 ipsos

271 1091 390 1150 quoque
425 1071 514 1131 rebus
551 1074 642 1131 saeris
679 1071 865 1150 gravioribus
896 1071 1147 1130 Demetriensium
1179 1071 1360 1130 consuluisse
1394 1071 1590 1130 mirabimur.

270 1171 452 1230 Boeotorum
471 1189 589 1247 quoque
609 1187 763 1228 commune
781 1168 869 1228 rebus
888 1169 979 1229 saeris
999 1169 1183 1247 singularum
1203 1169 1361 1228 civitatum
1378 1169 1593 1245 prospiciebat

269 1269 353 1327 velut
376 1267 611 1328 administrando
632 1267 754 1327 delubro
773 1271 804 1325 et
821 1266 998 1342 Amphiarai
1017 1259 1060 1348 (n.
1075 1260 1132 1346 67)
1152 1269 1182 1326 et
1201 1267 1353 1344 Apollinis
1372 1267 1451 1326 Ptoii
1469 1267 1591 1327 Acrae·

269 1366 403 1442 phiensis
428 1357 469 1447 (n.
491 1357 557 1446 70).

357 1463 403 1523 De
431 1465 551 1523 oraculo
573 1463 724 1539 Apollinis
749 1461 893 1540 Ooropaei
919 1464 1008 1522 unius
1035 1454 1228 1543 Nicandriss)
1256 1465 1340 1522 extat
1365 1463 1592 1522 testimonium.

268 1561 324 1621 Vel
347 1561 416 1621 inde
440 1566 566 1639 apparet
589 1563 800 1620 auctoritatem
823 1563 886 1620 eius
910 1562 1065 1636 antiquam
1083 1579 1143 1619 non
1161 1561 1254 1620 fuisse
1272 1562 1304 1619 et
1320 1561 1377 1620 hoe
1395 1561 1460 1637 ipso
1477 1561 1593 1635 titulo,

268 1662 322 1737 qui
348 1660 465 1720 videtur
491 1679 551 1719 non
580 1663 649 1720 ante
675 1659 692 1718 Ι
714 1677 740 1718 a.
761 1657 827 1718 (ihr.
852 1659 1001 1718 saeculum
1029 1657 1203 1735 inscriptus,
1230 1661 1296 1718 tum
1319 1658 1436 1718 demum
1465 1659 1594 1719 maiore

269 1776 340 1817 cura
370 1761 400 1817 et
431 1759 588 1833 splendore
615 1777 679 1816 rem
706 1758 878 1817 institutam
906 1775 969 1817 esse
999 1756 1198 1816 confirmator.
1252 1755 1289 1816 Iu
1320 1757 1397 1816 celle
1424 1755 1592 1816 delubrum

269 1859 358 1916 situm
381 1857 473 1916 fuisse
497 1860 528 1914 et
551 1875 586 1914 ex
608 1857 674 1932 ipso
698 1857 816 1915 nomine
834 1855 1015 1934 Κοροπαῑος,
1039 1854 1118 1930 φοοδ
1141 1856 1205 1914 sine
1228 1854 1318 1914 dubio
1341 1853 1444 1914 eadem
1461 1857 1592 1931 origine

269 1973 303 2013 ae
331 1953 550 2014 substantivum
577 1951 697 2032 κορυφή
725 1955 783 2028 est,
816 1956 847 2012 et
872 1952 941 2011 inde
969 1955 1107 2028 apparet,
1140 1951 1219 2027 quod
1241 1952 1290 2011 hie
1318 1953 1425 2012 titulus
1448 1955 1479 2011 in
1501 1953 1592 2012 colle

268 2050 397 2126 quodam
420 2053 558 2110 inventus
582 2054 635 2111 est.

357 2148 393 2208 V.
416 2150 456 2208 25
480 2148 681 2228 ῥαβδούχουςι
705 2149 785 2226 apud
810 2147 937 2208 Graecos
961 2166 1053 2223 aeque
1076 2152 1167 2224 atque
1191 2147 1270 2224 apud
1293 2167 1347 2208 nos
1370 2147 1505 2208 custodes
1528 2167 1592 2208 or-

267 2247 346 2306 dinis
366 2246 556 2306 sollemnium
572 2246 769 2306 celebriorum
788 2249 874 2306 arent
897 2246 1014 2323 saepius
1034 2246 1071 2304 ad
1090 2245 1122 2304 id
1140 2249 1239 2321 ipsum
1258 2246 1355 2322 electi,
1378 2248 1429 2321 qui
1447 2245 1591 2340 ῥαβδοῦ-

267 2367 313 2423 χοι
336 2345 383 2404 vel
407 2343 592 2424 ῥαβδοφόροι
616 2345 809 2420 vocabantur,
837 2363 875 2404 se.
899 2346 934 2403 ut
961 2342 1069 2421 quibus
1093 2343 1214 2402 verbere
1241 2344 1287 2402 uti
1316 2345 1433 2418 liceret,
1459 2344 1494 2402 ci.
1518 2344 1592 2423 leg.

267 2441 384 2502 Andan.
404 2435 447 2524 (n.
468 2436 525 2522 58)
545 2463 572 2502 r.
593 2446 632 2501 41
658 2441 843 2522 ῥαβδοφόροι
867 2439 899 2501 δὲ
923 2440 1052 2502 λστωσαν
1074 2473 1120 2483 -
1142 2441 1234 2501 εἴκοσι
1257 2473 1299 2481 -
1323 2473 1369 2483 -
1391 2474 1435 2483 -
1457 2439 1525 2513 τοὺς
1546 2440 1592 2503 δὲ
1696 2507 1703 2526 .

267 2537 468 2611 ἀπειθοῦντας
491 2535 511 2618 ἢ
534 2537 673 2618 ἀπρεπῶς
695 2536 972 2619 ἀναστρεφομένους
995 2538 1197 2619 μαστιγοόντω
1221 2542 1252 2598 et
1276 2539 1352 2599 deor.
1373 2540 1409 2600 de
1431 2539 1591 2600 Panathe-

266 2638 350 2698 naeis
374 2637 533 2698 Iliensibus
558 2629 600 2719 (n.
623 2631 700 2718 194)
724 2657 751 2697 v.
772 2641 827 2712 27,
855 2637 907 2696 ubi
932 2636 1103 2696 custodibus
1127 2637 1239 2697 ordinis
1262 2640 1394 2714 potestas
1418 2637 1452 2696 fit
1474 2631 1591 2717 [διοικ-

266 2730 407 2815 τ]οῦντας
438 2743 487 2814 τῆι
518 2734 632 2816 ῥάβδων
664 2727 851 2816 κολάζειν.1’)
902 2735 1057 2795 Eiusmodi
1089 2738 1268 2812 potestatem
1300 2739 1402 2795 nostra
1434 2739 1592 2796 memoria

266 2833 437 2910 iudicioque
469 2835 636 2894 inauditam
668 2853 705 2892 ne
733 2831 838 2893 Graeci
868 2833 989 2910 quidem
1021 2851 1123 2892 omnes
1155 2851 1329 2910 semperque
1361 2839 1590 2910 concesserunt,

265 2931 393 2991 Athenis
421 2936 500 2991 certe
528 2931 679 3008 hieropoei
701 2931 966 3008 Hephaestierum‚
995 2949 1086 3007 penes
1113 2950 1187 3006 quos
1215 2950 1286 2991 eura
1312 2931 1426 2992 ordinis
1450 2949 1590 3008 pompae

266 3033 340 3105 erat,
363 3032 489 3106 pecunia
513 3030 698 3090 solummodo
722 3031 849 3089 multare
872 3033 1021 3106 poterant,
1045 3029 1080 3088 el.
1105 3048 1132 3086 n.
1155 3031 1194 3088 12
1220 3049 1246 3088 v.
1267 3021 1425 3109 sssqq.1¹)
1471 3029 1589 3106 Neque

265 3129 297 3186 in
320 3129 376 3188 hoe
399 3129 489 3188 titulo
513 3128 712 3188 Demetriensi
736 3146 805 3186 casu
829 3129 942 3186 factum
964 3130 1047 3204 puto,
1072 3131 1105 3186 ut
1127 3126 1250 3186 verbum
1278 3134 1440 3206 μαστιγοῦν
1464 3126 1511 3186 vel
1535 3131 1589 3187 si-

265 3226 337 3285 mile
361 3226 509 3285 vitaretur
532 3229 562 3284 et
585 3225 727 3304 ambigua
752 3225 880 3302 quadam
904 3227 935 3284 vi
957 3224 1082 3286 κωλύειν
1105 3225 1259 3286 diceretur.

355 3323 390 3381 V.
411 3324 527 3400 33sqq.
552 3326 604 3400 qui
627 3324 783 3383 oraculum
806 3324 1003 3382 consultaturi
1027 3327 1125 3399 erant,
1149 3342 1234 3382 suum
1258 3325 1383 3400 quisque
1406 3342 1515 3382 nomen
1538 3325 1587 3384 ad

265 3420 394 3481 scribam
416 3421 464 3480 dei
488 3420 610 3496 deferre,
636 3423 661 3481 is
687 3441 746 3498 quo
769 3421 872 3480 ordine
896 3414 1108 3503 acceperatu),
1134 3424 1167 3480 in
1190 3421 1259 3481 albo
1278 3421 1436 3481 inscribere
1460 3421 1585 3482 eodem·

266 3539 479 3551 ——-—---—-

355 3611 381 3680 9)
401 3607 435 3664 ci.
459 3626 511 3664 vox
534 3607 614 3671 πόλις
636 3626 661 3662 v.
677 3613 702 3663 8.
723 3613 763 3663 16.
785 3613 827 3662 19.
847 3615 880 3662 29
903 3611 1052 3678 usurpate;
1080 3609 1190 3664 ridde
1214 3609 1268 3664 hae
1291 3625 1320 3662 re
1341 3607 1474 3663 Wilhelm
1498 3608 1590 3665 MAI

265 3688 316 3743 XV
337 3694 405 3744 1890
423 3707 451 3760 p.
467 3694 518 3743 1187
526 3706 585 3758 sqq.

338 3772 381 3839 10)
408 3769 521 3824 ethnica
541 3770 614 3823 enim
634 3767 806 3838 Παγαολτης,
823 3766 945 3830 ’letteren
963 3772 1014 3823 ete.
1034 3769 1101 3824 inde
1119 3769 1156 3823 ab
1174 3769 1244 3824 urbe
1261 3769 1442 3824 Demetriade
1461 3771 1584 3826 condita

264 3866 357 3920 peges
376 3851 436 3904 eius
456 3849 615 3920 significare
633 3847 712 3903 Dttb.
733 3849 861 3918 pluribus
880 3849 1010 3917 probavit
1028 3850 1095 3922 Syll.
1115 3849 1166 3903 1.ο.
1187 3852 1243 3904 not.
1259 3857 1284 3903 3.

339 3933 382 3998 11)
406 3929 487 3984 Ther.
504 3935 567 3984 612:
596 3931 644 3984 καλ
663 3927 782 3999 μυρίκης
800 3929 892 3994 λάζοιο
912 3929 977 3984 νέον
995 3929 1183 3998 πανακαριτέα
1200 3929 1315 3998 θάμνον

596 4009 697 4078 μάντιν
717 4009 746 4063 ἐν
766 4010 886 4077 αἰζηοῑσι
904 4009 1068 4081 γεράσμιον·
1088 4002 1105 4080 ᾖ
1125 4011 1156 4065 ἐν
1175 4007 1307 4065 Ἀπόλλων

595 4091 771 4158 μαντοσύνας
790 4094 952 4156 Κοροτταλος
970 4088 1094 4157 ἐθήκατο
1114 4091 1161 4144 καὶ
1179 4089 1265 4159 θέμιν
1284 4092 1404 4157 ἀνδρῶν.

337 4181 380 4247 12)
408 4177 549 4234 cleliam
571 4179 672 4234 Herod.
684 4179 748 4232 VHI
763 4183 796 4232 59
822 4180 851 4233 ἐν
869 4188 941 4233 τοῖσι
960 4181 1047 4248 ἀγῶσι
1066 4178 1092 4233 oi
1111 4178 1378 4249 προεξανιστάμενοι
1399 4176 1580 4248 ῥαπίζονται,

265 4257 300 4312 de
324 4257 463 4329 Olympiis
486 4259 576 4313 Thuk.
592 4260 618 4315 V
632 4265 666 4314 50
689 4259 777 4331 Λίχας
800 4258 814 4314 δ
837 4257 1011 4324 Ἀρκεσιλάου
1036 4257 1259 4329 Λακεδαιμόνιος
1286 4259 1315 4314 ἐν
1338 4263 1375 4330 τῷ
1403 4261 1492 4329 ἀγῶνι
1521 4259 1579 4314 ὑπὸ

265 4346 319 4392 τῶν
343 4335 508 4410 ῥαβδοόχων
532 4339 639 4410 πληγὰς
663 4340 769 4410 ἔλαβεν,
797 4339 832 4393 de
855 4338 965 4407 Pythiis
988 4339 1053 4393 Luc.
1073 4340 1134 4392 adv.
1154 4340 1211 4393 iud.
1232 4345 1247 4393 9
1271 4340 1336 4401 τοὺς
1358 4339 1523 4402 ἀθλοθέτας
1546 4341 1580 4394 δὲ

266 4418 566 4486 ἀγανακτήσαντας-
586 4421 814 4489 μαστιγώσαντας
832 4421 919 4474 αὑτὸν
938 4420 1065 4490 ἐκβαλεῖν
1083 4428 1133 4474 τοῦ
1152 4419 1284 4487 θεάτρου.

337 4501 379 4566 13)
408 4499 474 4554 olim
497 4499 718 4554 Atheniensibus
742 4516 854 4569 quoque
881 4515 941 4553 mos
964 4499 1089 4568 asperior
1111 4499 1199 4553 fuisse
1227 4499 1349 4556 videtur:
1378 4497 1464 4553 schol.
1489 4499 1577 4553 Arist.

264 4575 329 4631 Pac.
346 4584 396 4632 733
417 4573 488 4648 ἦσαν
508 4579 539 4634 δὲ
559 4579 605 4634 ἐπὶ
623 4588 673 4648 τῆς
689 4580 814 4650 θυμέλης
832 4576 1008 4650 ῥαβδοφόροι
1026 4576 1109 4643 τινός,
1128 4579 1156 4633 οἳ
1173 4587 1223 4648 τῆς
1241 4575 1391 4648 εὐκοσμίας
1409 4577 1578 4647 ἐπεμέλοντο

265 4665 321 4711 τῶν
339 4661 461 4725 θεατῶν,
481 4660 529 4728 qui
549 4677 616 4713 num
635 4659 831 4728 Aristophanis
851 4663 945 4714 aetate
965 4675 994 4713 re
1013 4675 1077 4712 vera
1095 4659 1256 4714 verberibus
1274 4659 1319 4712 usi
1338 4659 1404 4725 sint,
1424 4658 1532 4712 dubito.

339 4741 381 4806 14)
405 4740 453 4806 qui
468 4738 554 4793 fuerit
568 4740 644 4804 ordo,
660 4740 805 4794 incertum.
831 4739 949 4809 Delphis
964 4739 1090 4793 ordinem
1106 4739 1295 4793 sortiebantur
1308 4737 1577 4810 (Aesoh.hium.31);

266 4816 316 4870 sed
335 4834 399 4870 eum
417 4817 470 4871 hoc
490 4818 601 4873 decreto
621 4819 699 4873 nulla
718 4820 777 4874 eius
795 4820 837 4874 rei
856 4821 962 4873 mentio
981 4820 1039 4884 fiat,
1058 4819 1151 4873 neseio
1171 4835 1207 4873 an
1225 4820 1249 4873 is
1273 4819 1451 4886 fuerimus,
1474 4819 1577 4887 utqui

265 4897 371 4964 priores
392 4897 534 4952 venissent
552 4899 639 4953 iidem
657 4901 772 4954 nomina
790 4901 897 4969 priores
916 4900 1064 4954 deferrent.
