3424 5462
260 304 325 368 202
787 301 900 356 LEGES
921 300 1061 357 SACRAE

401 472 615 552 Fragmentum
637 471 656 530 b
680 471 817 532 undecim
844 489 945 531 versus
977 491 1098 548 prorsus
1122 472 1183 532 fere
1213 472 1400 533 oblitteratas
1423 474 1569 544 continet3

313 578 498 640 solummodo
516 580 606 639 initio
624 598 724 638 eorum
744 583 775 639 et
797 582 844 638 ter
866 579 898 636 in
919 578 977 639 fine
995 597 1108 656 paucae
1128 583 1345 659 cognoscuntur
1363 581 1483 640 litterae
1500 579 1570 638 hae:

313 677 690 768 oe-lpnc-luoo—
707 679 711 766 l
730 703 784 760 -re
802 679 954 766 -clc
972 677 1116 768 -01090
1138 719 1177 728 -
1198 680 1203 769 Ι
1223 680 1371 767 cuslenc]
1390 680 1570 766 -epou

315 785 574 875 -lrlp-lrou
598 787 724 873 -Ινβο
748 823 791 834 -

348 935 408 995 Lex
436 954 520 996 sacra
548 936 744 1012 Amphiaraei
767 933 872 1012 Oropii
904 955 940 994 ea
972 939 1070 996 aetate
1099 938 1275 1014 conscripta,
1307 957 1367 1013 qua
1391 935 1494 1012 Oropii
1523 939 1571 996 sui

259 1039 346 1093 erant
377 1035 465 1109 iuris,
496 1036 516 1092 i.
536 1053 560 1094 e.
584 1036 748 1110 scripturae
781 1037 811 1094 et
843 1036 985 1094 sermonis
1012 1034 1129 1094 ratione
1156 1034 1261 1095 habite
1287 1037 1368 1094 intra
1395 1053 1488 1094 annos
1517 1039 1571 1094 aut

259 1135 358 1191 411-
371 1133 435 1191 402
473 1135 526 1192 aut
559 1133 748 1207 386—3773
785 1133 854 1192 illos
889 1132 1078 1208 praeferebat
1107 1132 1321 1210 Wilamowitz,
1357 1133 1410 1192 hos
1447 1137 1571 1210 propter

258 1231 423 1306 scripturae
447 1229 593 1306 quaedam
617 1229 728 1290 indicia
750 1231 825 1290 satis
848 1233 950 1290 tamen
972 1233 1086 1291 incerta
1109 1230 1328 1310 Dittenberger.

347 1328 483 1389 Modesta
514 1331 618 1404 utique
647 1331 677 1388 et
704 1329 816 1389 rustica
844 1329 975 1404 quadam
1003 1328 1174 1389 condicione
1185 1321 1211 1410 8)
1239 1331 1305 1390 tum
1335 1333 1400 1390 erat
1426 1328 1569 1390 sacellum

257 1445 311 1486 nec
338 1428 433 1486 nimia
460 1427 608 1486 cultorum
640 1427 810 1502 frequentia
842 1426 1036 1501 celebratum,
1067 1427 1100 1486 id
1127 1426 1207 1504 quod
1234 1445 1302 1486 cum
1328 1429 1466 1488 universo
1494 1426 1570 1504 legis

257 1529 359 1585 tenore
382 1528 447 1584 tum
471 1527 574 1584 statim
596 1524 684 1584 initio
713 1526 776 1586 eius
804 1526 954 1603 arguitur:
984 1525 1118 1584 videmus
1146 1528 1226 1585 enim
1248 1525 1432 1585 sacerdotem
1455 1544 1516 1584 non
1537 1525 1571 1582 in

258 1625 328 1683 fano
355 1626 435 1699 ipso,
468 1623 519 1682 sed
546 1624 578 1681 in
607 1622 732 1699 oppido,
764 1622 844 1699 quod
872 1623 1061 1698 aliquantum
1088 1622 1205 1700 aberet,
1236 1622 1428 1696 habitavisse,
1459 1623 1504 1682 ita
1535 1627 1571 1680 ut

257 1721 353 1781 hieme
376 1721 408 1779 in
432 1721 502 1780 fano
526 1721 628 1781 adesse
657 1723 776 1780 omnino
804 1739 863 1780 non
892 1720 1011 1780 deberet
1041 1739 1075 1780 ao
1097 1739 1135 1779 ne
1158 1723 1271 1780 aestate
1295 1720 1416 1796 quidem
1439 1721 1569 1796 amplius

163 1834 166 1839 ·
258 1823 366 1896 quarto
390 1838 508 1896 quoque
532 1819 580 1879 die
603 1819 643 1878 ad
665 1818 821 1878 delubrum
843 1819 886 1877 ire
910 1811 1065 1900 deberet.⁹)
1102 1817 1138 1877 Id
1161 1837 1233 1878 sane
1256 1821 1285 1878 ei
1308 1818 1472 1878 cavendum
1497 1823 1569 1888 erat

257 1921 292 1976 ut
315 1917 466 1993 aedituus,
494 1916 564 1976 dum
586 1919 650 1994 ipse
674 1917 797 1992 abesset,
821 1935 923 1976 curam
945 1918 1009 1976 fani
1032 1921 1063 1976 et
1090 1917 1313 1995 peregrinorum
1341 1918 1513 1990 sustineret;
1543 1918 1569 1974 is

258 2018 355 2095 igitur
377 2017 409 2074 in
432 2016 502 2076 fano
526 2007 736 2098 habitabatm)

346 2113 382 2171 V.
403 2115 496 2189 Vsqq.
529 2113 574 2172 De
601 2113 763 2174 sacerdotis
792 2116 940 2189 potestate
968 2113 1078 2171 multas
1106 2112 1262 2189 irrogandi
1289 2113 1325 2171 cf.
1348 2132 1377 2170 n.
1398 2113 1440 2171 34
1469 2132 1496 2170 v.
1519 2115 1566 2171 14.

346 2212 382 2270 V.
398 2215 440 2272 20
463 2210 594 2290 ἐπαρχὴν
614 2243 655 2252 -
675 2243 717 2254 —-
734 2243 775 2252 —
794 2209 984 2290 ἐννεοβόλουι
1006 2212 1133 2286 pecunia
1154 2209 1208 2270 deo
1227 2210 1370 2270 solvenda
1391 2210 1438 2270 bic
1457 2207 1566 2290 ἕπορχή

256 2311 367 2370 dicitur
385 2312 463 2370 siout
480 2309 535 2370 IG
553 2309 584 2369 Π
599 2309 687 2370 83411
706 2330 733 2369 v.
749 2311 790 2368 46
812 2301 912 2390 (Syll.⁹
931 2301 1098 2390 587‚182)
1121 2307 1232 2388 ἔπαρχτ)
1252 2307 1389 2389 Δήμητρι
1408 2305 1458 2367 καὶ
1472 2307 1567 2386 Κόρηι

256 2405 311 2468 παὶ
330 2409 487 2469 Πλούτωνι
511 2399 656 2489 spru),
680 2408 715 2467 cl.
736 2409 827 2467 etiam
845 2407 900 2468 IG
922 2407 953 2466 H
974 2407 1046 2467 588.
1083 2407 1218 2466 Pretium
1241 2426 1329 2466 curae
1353 2407 1472 2466 divinae
1496 2406 1567 2464 olim

257 2507 429 2568 drachmam
452 2507 543 2566 fuisse
558 2505 760 2565 Wilamowitz
779 2505 868 2580 ridit3
892 2504 972 2581 quod
990 2507 1120 2581 pretium
1139 2505 1202 2565 sine
1221 2504 1310 2565 dubio
1329 2504 1496 2566 modestum
1515 2507 1567 2578 est,

256 2610 291 2664 ut
313 2603 438 2663 dimidia
460 2607 566 2680 postea
588 2608 674 2680 parte
697 2603 728 2662 id
751 2606 873 2663 auctum
896 2622 959 2663 esse
982 2604 1072 2663 facile
1094 2602 1297 2680 intellegatur,
1321 2621 1356 2662 sc
1378 2623 1416 2662 ne
1438 2605 1484 2662 ita
1502 2605 1566 2678 qui·

257 2704 323 2763 dem
346 2703 467 2763 modum
490 2701 612 2762 excedit.
650 2701 822 2761 Tenendum
842 2719 912 2761 sane
932 2706 977 2761 est
999 2702 1096 2780 legem
1118 2701 1220 2760 iubere
1244 2700 1284 2780 μτ)
1304 2699 1422 2762 ἔλαττον
1441 2699 1567 2776 διδόναι,

257 2806 287 2860 et
313 2802 369 2861 hoc
396 2799 551 2858 minimum
579 2800 669 2877 pretii
696 2801 785 2861 multi
813 2802 919 2876 opinor
941 2799 1029 2859 veriti
1059 2802 1130 2859 sunt
1152 2797 1314 2878 παρεόντος
1336 2807 1389 2859 τοῦ
1417 2797 1566 2878 νεωκόρου

255 2899 397 2976 pendere,
424 2900 600 2974 praesertim
622 2917 694 2982 'cum
722 2899 754 2958 id
776 2918 835 2958 non
864 2901 945 2974 post
972 2898 1024 2958 sed
1052 2900 1134 2957 ante
1158 2916 1260 2958 curam
1283 2901 1417 2957 exactam
1441 2897 1567 2974 pendere

257 2998 397 3057 deberent
426 2993 493 3074 (τὸμ
521 2993 692 3074 μέλλοντα
719 2987 963 3076 θεραπεύεσθαι).
1008 2995 1053 3054 De
1081 3015 1162 3055 more
1190 2995 1355 3071 Epidaurio
1383 2995 1463 3073 quod
1491 2995 1586 3054 nihil·

256 3095 402 3156 traditum
425 3094 535 3169 inveni,
559 3095 652 3154 doleo.
689 3094 734 3154 De
758 3095 899 3154 thesauro
923 3111 1007 3153 sacro
1026 3093 1062 3152 of.
1081 3113 1158 3169 quae
1177 3093 1215 3152 ad
1233 3114 1261 3152 n.
1278 3095 1319 3152 58
1339 3114 1367 3170 p.
1385 3095 1447 3152 185
1469 3093 1567 3152 attuli

345 3193 381 3252 V.
402 3193 443 3252 25
467 3192 660 3272 κατεύχεσθαι
679 3189 711 3252 δὲ
729 3200 789 3251 τῶν
812 3191 899 3270 ἱερῶν
921 3194 993 3251 mir
1022 3191 1143 3252 absente
1167 3192 1319 3252 sacerdote
1342 3191 1488 3267 aedituus,
1511 3193 1568 3252 etsi

256 3311 357 3351 euram
385 3291 492 3367 templi
519 3294 549 3350 et
578 3292 803 3368 peregrinorum
825 3290 1004 3364 sustinebat,
1035 3293 1135 3349 tamen
1158 3293 1192 3348 ut
1215 3293 1280 3348 erat
1303 3289 1424 3349 humilis
1447 3292 1478 3348 in
1502 3289 1567 3366 ipsa

256 3388 382 3450 Graecia
414 3388 548 3449 condicio
581 3389 768 3448 aedituorum
781 3381 818 3467 12)
851 3391 924 3464 ipsis
957 3388 1118 3448 sacerdotis
1150 3387 1256 3447 officiis
1289 3407 1347 3447 non
1378 3387 1567 3466 fungebatur,

255 3491 347 3548 immo
371 3490 511 3565 quitum
534 3487 622 3547 deum
646 3486 782 3559 adibant,
805 3488 865 3563 ipsi
887 3485 1049 3546 sacerdotis
1072 3489 1137 3546 rice
1159 3486 1317 3565 fungentes
1340 3504 1388 3559 ea,
1413 3505 1489 3562 quae
1513 3485 1566 3546 deo

255 3586 416 3663 debebant,
448 3587 480 3643 in
512 3604 565 3645 ara
598 3585 748 3661 ponebant
779 3603 938 3661 precesque
971 3583 1193 3660 nuncupabant.
1248 3583 1434 3643 Difficultate
1466 3589 1567 3643 tamen

344 3777 371 3842 8)
400 3773 507 3843 optima
525 3775 556 3828 et
573 3772 665 3828 facete
683 3773 756 3827 hano
774 3789 833 3826 rem
852 3771 1006 3826 illustravit
1024 3770 1214 3826 Wilamowita
1232 3771 1250 3825 l.
1267 3790 1289 3826 o.

345 3857 371 3924 9)
390 3854 476 3908 verba
494 3852 531 3923 μὴ
550 3851 635 3909 πλέον
654 3849 835 3908 διαλείποντα
853 3849 870 3919 ἦ
889 3860 963 3922 τρεῖς
980 3851 1085 3922 ἡμέρας
1099 3853 1143 3907 W.
1158 3853 1200 3907 its
1217 3851 1405 3919 intellexerat,
1424 3857 1456 3906 ut
1476 3867 1568 3906 sacer·

256 3934 350 3988 dotem
373 3951 429 3988 non
452 3933 516 4003 plus
539 3933 633 3988 triduo
653 3933 727 3988 iuter
749 3933 871 3987 hiemem
889 3934 1017 3987 exactem
1037 3933 1054 3988 i.
1066 3949 1088 3988 e.
1105 3933 1217 3987 Arcturi
1236 3935 1329 3987 ortum
1348 3932 1423 4002 (Hes.
1439 3949 1484 4003 op.
1504 3936 1567 4000 864)

255 4018 284 4069 et
306 4014 429 4084 primurn
453 4015 489 4068 ad
512 4015 610 4068 fanum
633 4013 688 4068 iter
715 4013 903 4068 intermittere
931 4012 1060 4068 debuisse
1083 4016 1209 4083 putaret3
1238 4013 1287 4068 sed
1310 4014 1414 4068 metius
1438 4012 1517 4066 Dttb.
1536 4013 1568 4065 id

255 4094 387 4149 interdici
411 4095 526 4161 statuit,
549 4111 584 4148 ne
603 4111 729 4162 unquam
746 4109 797 4163 per
816 4097 954 4148 aestatem
972 4092 1036 4162 plus
1055 4111 1141 4161 quam
1159 4095 1216 4148 tres
1235 4093 1382 4148 continuos
1401 4093 1461 4148 dies
1481 4094 1568 4148 inter-

255 4176 389 4242 mitteret,
417 4175 486 4243 quin
514 4175 544 4229 in
567 4175 787 4245 Amphiaraeum
811 4173 930 4240 veniret3
958 4173 1032 4228 unde
1058 4177 1087 4229 et
1116 4173 1213 4228 decem
1240 4173 1300 4228 dies
1323 4174 1407 4228 unius
1430 4173 1567 4244 cuiusque

254 4255 368 4323 mensis,
386 4256 435 4326 qui
454 4261 510 4310 ab
530 4256 747 4310 constituuntur.

328 4339 371 4404 1⁰)
399 4337 486 4390 etiam
504 4337 622 4391 fractam
637 4335 841 4406 supellectilem
854 4351 963 4388 sacram
977 4334 1054 4404 apud
1067 4350 1097 4388 se
1114 4334 1190 4388 domi
1205 4334 1350 4388 servabat:
1370 4334 1415 4390 10
1425 4333 1478 4387 VH
1488 4339 1566 4389 8498.

328 4421 371 4485 11)
401 4418 498 4471 contra
516 4435 541 4470 v.
557 4421 617 4469 163.
637 4421 698 4470 188.
718 4421 769 4468 297
789 4415 819 4468 in
837 4415 928 4470 isdem
946 4414 1102 4469 rationibus
1122 4413 1230 4487 ἐπαρχή
1248 4431 1299 4485 pro
1319 4414 1431 4485 ἀπαρχὴ
1450 4417 1512 4484 (τοῦ
1526 4412 1567 4468 ci·

254 4501 314 4564 τον)
334 4497 446 4550 dicitur.

328 4579 371 4644 12)
400 4576 484 4648 longe
502 4577 585 4631 aliter
602 4592 646 4631 res
666 4593 695 4631 se
714 4576 839 4631 habebat
861 4577 937 4646 apud
958 4575 1077 4630 Graecos
1096 4575 1181 4631 Asiae
1200 4575 1245 4644 (cf.
1260 4575 1304 4630 tit.
1320 4575 1445 4645 Magnes.
1462 4593 1488 4628 n.
1505 4579 1565 4643 181)

256 4657 285 4710 et
310 4655 467 4709 insularum
494 4655 679 4724 quarundam,
707 4656 836 4710 velutin
859 4656 1007 4727 Asclepieo
1030 4655 1086 4710 Coo
1110 4656 1242 4710 aedituus
1265 4672 1294 4710 re
1318 4655 1414 4709 divina
1438 4655 1567 4726 fungitur

257 4734 386 4802 (Herond.
407 4735 482 4790 mim.
502 4735 539 4790 IV
554 4739 673 4806 disqu).
711 4735 877 4791 Universam
900 4737 1093 4806 quaestionem
1111 4735 1257 4793 Buechner
1282 4738 1314 4791 de
1332 4737 1459 4792 moceria
1478 4737 1566 4804 (diss.)

258 4815 369 4869 Giessec
389 4821 464 4870 1888
483 4835 509 4886 p.
526 4823 612 4870 2-21
637 4817 718 4872 docte
742 4819 771 4872 at
789 4818 902 4887 copiose
919 4817 1064 4883 tractavit3
1091 4815 1127 4871 de
1145 4815 1268 4871 Deliacis
1292 4815 1418 4872 neocoris
1437 4817 1473 4869 ef.
1493 4833 1566 4870 nuuc

256 4895 407 4964 praecipue
425 4895 554 4951 Homolle
573 4897 666 4952 ΒΘΗ
682 4897 746 4951 XIV
760 4917 787 4968 p.
803 4903 900 4967 485sq.
