3450 5458
245 276 308 346 132
759 271 872 332 Lusus
893 273 1032 333 SACRAE

242 450 403 528 disputavi,
425 469 462 508 ne
485 449 696 524 Dionysiastae
719 447 847 524 quidem,
871 446 1088 508 nobilissimum
1112 447 1175 506 fere
1197 465 1358 526 orgeonum
1381 446 1549 524 collegium,

240 549 359 608 diversa
390 548 456 626 lege
488 549 535 606 usi
560 548 631 605 sunt
662 564 758 623 neque
790 547 821 604 in
848 547 1029 605 contrariam
1055 547 1173 621 partem
1200 545 1254 604 hoe
1281 545 1371 604 titulo
1397 545 1442 606 uti
1470 544 1548 602 licet.

241 647 354 706 Eodem
376 650 477 705 temen
495 645 585 703 titulo
603 644 635 703 id
657 662 728 703 sane
752 647 821 704 ante
840 645 941 704 oculos
958 644 1145 721 proponitur,
1165 643 1310 718 quomodo
1328 642 1393 702 fieri
1411 646 1550 718 coeptum

241 747 291 819 sit,
312 747 349 803 ut
371 743 486 804 sodales
505 743 592 800 rebus
610 742 748 802 civilibus
766 745 862 821 magis
885 742 1039 820 magisque
1058 740 1236 814 labentibus,
1258 759 1326 800 cum
1343 743 1429 817 copia
1447 759 1550 800 eorum

242 844 295 918 qni
317 846 452 918 sumptus
477 840 648 914 tolerarent,
671 841 818 915 deficeret,
846 841 883 900 ad
907 859 956 900 eos
978 841 1176 917 potissimum,
1198 857 1324 916 qnorum
1346 838 1550 898 munificentia

242 943 363 1018 experta
385 959 484 999 carere
502 957 562 999 non
580 941 728 1016 poterant,
749 940 922 1016 refugerent
944 957 1011 998 cnm
1030 938 1105 998 alios
1123 938 1248 998 honores
1267 942 1332 996 tum
1350 937 1550 998 sacerdotium

242 1038 400 1098 deferendo
432 1042 522 1114 atque
553 1038 623 1096 inde
652 1039 699 1097 ius
731 1036 882 1113 quoddam
914 1036 1126 1096 hereditarium
1153 1036 1297 1109 eveniret3
1330 1037 1366 1095 of.
1394 1037 1430 1094 de
1458 1035 1551 1094 simili

242 1136 354 1214 publici
377 1137 474 1196 cultus
497 1135 669 1196 condicione
691 1155 719 1194 n.
739 1135 813 1194 44ss
837 1138 868 1194 et
890 1135 989 1194 1156.

331 1243 376 1303 De
399 1242 525 1322 singuiis
548 1260 697 1319 perpauca
720 1242 804 1302 addo.
852 1240 921 1300 V.6
946 1241 1001 1320 τὴν
1024 1241 1154 1302 σύνοδον
1177 1239 1322 1321 φέροντας
1346 1234 1396 1324 (cf.
1415 1261 1443 1302 v.
1459 1243 1500 1300 24
1520 1243 1551 1300 et

241 1343 264 1400 I
268 1341 295 1402 G
318 1341 349 1400 H
369 1344 410 1400 47
414 1343 432 1400 5
458 1360 485 1401 v.
507 1333 576 1422 14):
606 1337 708 1421 φέρειν
735 1341 771 1400 de
798 1341 876 1416 stipe
903 1340 1080 1400 conferenda
1102 1343 1243 1417 usurpari
1265 1341 1341 1401 solet
1364 1332 1447 1421 (inde
1470 1337 1551 1419 φορά

241 1460 269 1500 n.
289 1441 331 1499 46
356 1459 383 1500 v.
403 1431 461 1521 47)
485 1458 581 1516 neque
603 1440 699 1516 igitur
721 1438 855 1516 legitime
878 1439 1027 1498 obiectum
1049 1436 1180 1498 σύνοδον
1201 1440 1289 1517 regit,
1312 1441 1339 1498 si
1358 1437 1477 1514 quidem
1495 1437 1552 1497 hac

241 1557 313 1599 voce
345 1537 503 1614 pecuniam
534 1537 571 1595 ab
599 1555 658 1596 uno
687 1556 805 1613 quoque
833 1536 929 1596 sodali
953 1536 1126 1596 solvendam
1152 1536 1313 1614 ugnificari
1340 1539 1485 1613 potuisse,
1516 1541 1552 1593 ut

242 1636 339 1696 voluit
361 1635 499 1710 liechies,
530 1635 614 1694 nullo
647 1636 780 1712 exemplo
813 1634 1012 1694 confirmetur.
1058 1633 1170 1694 Verum
1197 1635 1308 1694 dicitur
1338 1635 1472 1713 legitime
1494 1631 1551 1713 Ιτὸν

241 1733 348 1813 ἔρανον
375 1731 486 1813 φέρειν,
520 1735 662 1809 quoniam
693 1731 798 1812 ἔρανος
829 1736 860 1792 et
891 1736 999 1810 stipem
1033 1732 1180 1793 sodalium
1207 1738 1239 1792 et
1266 1733 1426 1811 collegium
1452 1733 1552 1810 ipsum

243 1831 400 1910 significat.
439 1830 525 1891 Unde
548 1831 587 1890 ad
610 1831 671 1891 alia
688 1830 836 1892 vocabula
858 1832 965 1891 nmilia
988 1831 1215 1910 significationis
1238 1851 1325 1892 usum
1345 1831 1428 1891 verbi
1450 1827 1552 1911 φέρειν

244 1947 380 1990 manasse
403 1929 537 1989 Dittenb.
561 1948 614 1990 suo
637 1932 702 1989 inre
725 1930 855 2008 collegit.
877 1961 922 1972 —
944 1929 980 1988 V.
1003 1931 1043 1989 13
1065 1927 1158 1989 τόπον
1180 1931 1252 1989 salz
1280 1931 1353 1990 haee
1380 1931 1493 2007 optimc
1516 1929 1551 1988 il-

243 2029 412 2088 lustrantur
439 2029 576 2104 reliquiis
607 2027 807 2088 aedificiorum
838 2047 899 2088 una
931 2047 997 2087 oum
1028 2029 1085 2086 hoc
1116 2027 1217 2104 lapide
1249 2031 1355 2104 erutis,
1386 2028 1424 2088 cf.
1450 2028 1487 2086 de
1513 2029 1552 2086 iis

242 2126 335 2186 MAI
354 2127 373 2185 l.
388 2145 412 2186 ο.
431 2146 460 2203 p.
481 2127 618 2202 280sqq.
642 2131 673 2185 et
702 2128 764 2185 296
776 2145 840 2202 sqq.
891 2127 992 2185 Etiam
1018 2144 1088 2203 pars
1116 2126 1268 2186 simulacri
1294 2126 1406 2186 Bacchi
1433 2119 1474 2208 (v.
1496 2118 1552 2205 18)

243 2229 329 2284 erute
352 2231 405 2284 est.
451 2224 580 2284 Koehler
608 2223 689 2300 quod
715 2225 776 2283 inm
804 2229 893 2283 antea
921 2225 1013 2284 fuisse
1036 2224 1228 2284 simulacrum
1254 2224 1304 2284 dci
1325 2224 1554 2300 alterumqnea

243 2322 389 2398 Dionysio
412 2324 534 2398 insuper
557 2322 727 2381 dedicatum
751 2325 936 2398 cumputat,
964 2323 1104 2399 deceptus
1128 2322 1247 2382 videtur
1272 2325 1439 2399 composito
1461 2337 1553 2400 προσ-

244 2420 502 2500 sdpdouvov.18;
525 2440 619 2479 unum
642 2421 720 2480 cuim
744 2421 835 2480 fuisso
858 2421 1049 2480 simulacrum
1072 2423 1141 2496 post
1162 2423 1289 2481 mortem
1306 2421 1445 2498 Dionysii
1462 2419 1554 2479 verba

244 2517 323 2598 παρὰ
351 2515 500 2578 τὸνθεόν
528 2539 555 2578 v.
576 2520 617 2578 47
647 2517 819 2594 ostendunt,
847 2520 1012 2595 composito
1039 2521 1140 2578 autem
1167 2519 1220 2580 illo
1249 2515 1341 2578 ‘nihil
1369 2517 1555 2596 significatur

245 2617 304 2676 nisi
327 2615 484 2677 accessisse
506 2617 596 2676 huius
619 2618 737 2677 staturae
759 2617 976 2678 dedicationem
999 2617 1038 2677 ad
1060 2636 1110 2693 ea,
1139 2637 1216 2695 quac
1243 2619 1331 2678 modo
1354 2617 1467 2677 dictrrm
1490 2619 1555 2676 erat

245 2735 264 2774 a
287 2715 324 2774 D.
348 2714 460 2775 donata
482 2710 566 2775 essa'
612 2707 684 2796 (Dtt
706 2706 727 2796 .)

338 2822 373 2881 V.
394 2823 436 2881 46
461 2819 541 2893 ὅπως
563 2818 765 2901 ἀφηρωιοθεῑτ
796 2823 981 2883 heroicorum
1004 2821 1158 2898 honorum,
1183 2824 1235 2899 qui
1256 2823 1371 2882 homini
1394 2823 1514 2898 privato
1537 2841 1557 2882 a

246 2921 392 2997 privato
416 2919 541 2997 collegio
564 2920 770 2996 decernvmtur,
796 2923 829 2979 in
852 2921 954 2980 Attica
980 2921 1037 2979 hoc
1063 2923 1193 2997 primum
1219 2923 1351 2980 innotuit
1378 2920 1556 2996 exemplum,

247 3018 299 3078 sed
328 3017 474 3094 publice
505 3021 567 3076 iam
596 3019 753 3095 aliquanto
786 3021 874 3078 antes
902 3019 1098 3078 Athenienses
1125 3019 1202 3078 tales
1233 3019 1360 3078 honores
1392 3017 1556 3078 decrevisse

247 3119 398 3176 testantur
420 3113 575 3196 Διογένεια
598 3116 754 3176 sollemnia
777 3135 803 3176 s.
822 3135 847 3176 a.
864 3116 929 3174 (lhr.
949 3118 1055 3176 11299
1080 3117 1111 3174 in
1135 3116 1277 3176 honorem
1300 3115 1443 3194 Diogenis
1465 3117 1557 3193 phru-

246 3214 359 3288 rarchi,
387 3232 456 3273 cnm
482 3213 663 3290 praesidinm
685 3214 909 3274 Macedonicum
937 3214 1063 3274 Athenis
1091 3214 1272 3289 deduxisset,
1300 3215 1449 3274 instituta.
1495 3215 1557 3274 Nec

248 3310 431 3390 neglegenda
457 3316 533 3388 puto
561 3330 597 3370 ea
618 3311 709 3371 verba
737 3311 833 3390 tituli,
866 3312 973 3388 quibus
1005 3315 1065 3371 iam
1092 3315 1208 3388 patrem
1232 3313 1371 3388 Dionysii
1398 3314 1557 3373 simulacro

247 3409 327 3490 παρὰ
354 3407 407 3468 τὸν
438 3407 513 3470 θεὸν
545 3409 690 3469 collocato
721 3410 902 3469 honoratum
933 3411 1025 3469 fnisse
1058 3413 1276 3488 cognoscimus,
1307 3411 1386 3470 unde
1417 3413 1479 3472 ianr
1510 3411 1557 3470 illi

247 3507 374 3568 honores
398 3506 541 3582 quosdam
564 3507 697 3568 heroicos
720 3507 839 3568 habitos
862 3527 925 3568 esse
947 3509 1049 3584 aliquo
1073 3511 1152 3568 certe
1174 3508 1238 3568 iure
1259 3509 1392 3586 colligas,
1415 3509 1451 3569 cf.
1470 3529 1498 3568 n.
1515 3511 1556 3568 59

249 3609 280 3666 et
303 3624 379 3682 quae
401 3605 446 3666 ibi
468 3605 618 3666 adnotavi.

338 3900 389 3957 48.
421 3901 507 3972 Lapis
530 3901 659 3956 inventus
678 3901 823 3956 Athenis
850 3901 924 3956 inter
946 3901 1068 3971 Pnycem
1092 3904 1121 3956 et
1138 3902 1325 3974 Areopagum.
1362 3901 1413 3956 Ed.
1433 3901 1459 3957 S.
1474 3901 1559 3956 Wide

251 3981 336 4037 MAI
350 3981 413 4035 XIX
432 3984 523 4052 (1894)
541 3999 569 4050 p.
585 3987 636 4036 948
647 3999 706 4050 sqq.
727 3983 762 4036 de
785 3981 882 4051 lapide
903 3982 973 4036 haec
997 3983 1148 4036 adnotans:
1174 3983 1246 4038 ‘Die
1263 3983 1411 4050 Insctrift,
1433 3983 1477 4038 dic
1498 3983 1560 4038 sete

249 4068 300 4132 put
317 4063 438 4117 erlalteu
456 4065 505 4128 iat,
528 4064 596 4118 esus
613 4064 670 4130 auf
683 4065 758 4117 eim
776 4062 1021 4129 Sdulcatrommcl„
1036 4063 1130 4118 welche
1148 4079 1184 4117 su
1202 4064 1261 4119 dem
1279 4080 1388 4133 pressea
1410 4064 1559 4118 Veranmm·

251 4142 394 4211 lungssanl
415 4143 463 4198 der
481 4143 629 4198 Iobucctcu
646 4144 768 4214 pehdrte;
794 4145 833 4198 sic
851 4143 887 4198 ist
904 4145 936 4197 ia
958 4143 1024 4197 swei
1047 4144 1205 4198 Kolumnen
1227 4145 1318 4214 pcteill
1339 4144 1399 4198 used
1421 4145 1489 4199 oum
1510 4145 1561 4198 mit

251 4223 337 4277 circem
357 4222 450 4277 Giebcl
469 4225 499 4276 iu
516 4224 629 4292 stactem
647 4224 743 4291 Relief
757 4225 874 4280 belrdat.
906 4224 970 4279 Dua
985 4222 1079 4278 Gacse
1096 4223 1169 4278 hatte
1188 4225 1246 4278 also
1264 4230 1333 4278 «τινα
1350 4224 1402 4278 dus
1421 4225 1561 4278 Arusace

250 4305 325 4357 einer
352 4303 409 4369 auf
431 4304 479 4358 der
504 4303 587 4358 susc
614 4305 812 4376 nngsbrcclvtea
839 4303 915 4360 Stelc.
953 4305 990 4357 In
1017 4304 1077 4357 dem
1106 4304 1255 4370 Giebelfcld
1281 4306 1318 4358 ist
1344 4305 1376 4358 iu
1402 4304 1451 4358 der
1478 4303 1561 4358 Misce

251 4384 296 4436 ein
324 4383 428 4438 Krater
459 4385 518 4438 und
549 4385 669 4440 Mulier
700 4387 745 4438 cia
773 4385 941 4444 Bulcracion
972 4384 1142 4454 dasgastelll5
1173 4401 1212 4439 aa
1237 4385 1317 4452 jeder
1344 4383 1415 4439 Scite
1446 4384 1561 4452 tefindet

251 4463 308 4516 siclt
331 4465 376 4518 eia
400 4464 521 4518 Panthus
543 4465 603 4518 ens
625 4465 744 4520 dardber
766 4467 825 4519 eirvc
846 4465 984 4520 Weinrebe
1007 4465 1057 4516 nsit
1083 4464 1229 4518 Traubca!
1267 4463 1470 4532 Repetiverunt
1491 4465 1561 4519 titu-

251 4541 311 4596 lnm
333 4542 364 4596 li.
383 4541 461 4597 Mass
487 4543 609 4613 θνρὴοιω
630 4563 657 4614 p.
679 4550 712 4597 18
722 4561 781 4613 sqq.
802 4561 866 4598 oum
888 4543 1014 4598 versione
1040 4542 1206 4598 Germanica
1230 4547 1259 4598 et
1286 4544 1488 4599 commentario
1516 4560 1561 4598 oo-

252 4622 332 4690 pioso
355 4626 384 4676 et
401 4621 599 4694 Dittenbcrger
624 4623 706 4695 Syll.²
730 4628 789 4678 739.
832 4622 872 4678 cf.
895 4625 1040 4693 praeterea
1062 4623 1198 4678 Wilhelm
1220 4625 1422 4695 Arata-Epigr.
1447 4625 1560 4680 Minas.

252 4718 304 4755 aas
329 4701 396 4756 θεον.
424 4702 472 4756 XX
501 4722 527 4773 p.
548 4709 581 4758 68
609 4707 666 4758 not.
688 4709 734 4772 18,
762 4702 894 4758 Ziebarth
921 4704 959 4759 D.
977 4704 1075 4774 prisci.
1100 4704 1297 4758 Vereiuswesen
1321 4721 1348 4773 p.
1370 4709 1434 4770 141,
1463 4703 1561 4758 Rohds

253 4781 331 4834 Nem
350 4782 473 4837 Heirlelb.
492 4785 588 4839 Jahrb.
608 4784 646 4838 VI
664 4803 691 4854 p.
709 4791 793 4853 lsqq.
814 4787 858 4854 (=
874 4783 974 4839 chirve
997 4783 1135 4850 Schriften
1154 4783 1180 4836 11
1198 4801 1225 4852 p.
1242 4785 1317 4853 999),
1337 4783 1381 4837 Bu.
1396 4783 1461 4837 Keil
1481 4785 1564 4840 MAI

255 4859 303 4912 XX
322 4879 349 4930 p.
365 4867 417 4916 446
437 4863 500 4917 adn.
518 4871 541 4932 1,
560 4863 669 4934 Drerup
689 4867 767 4920 Neue
784 4866 880 4920 Jahrb.
894 4865 915 4931 f.
931 4865 1031 4920 Plu'lcl.
1054 4869 1121 4918 1899
1140 4882 1167 4933 p.
1183 4869 1302 4935 tddsqq.

1710 280 1720 413 ³
