<?xml version="1.0" encoding="UTF-8"?>
<!DOCTYPE html PUBLIC "-//W3C//DTD XHTML 1.0 Transitional//EN"
    "http://www.w3.org/TR/xhtml1/DTD/xhtml1-transitional.dtd">
<html xmlns="http://www.w3.org/1999/xhtml" xml:lang="en" lang="en">
 <head>
  <title>
</title>
<meta http-equiv="Content-Type" content="text/html;charset=utf-8" />
  <meta name='ocr-system' content='tesseract 3.04.00' />
  <meta name='ocr-capabilities' content='ocr_page ocr_carea ocr_par ocr_line ocrx_word'/>
</head>
<body>
  <div class='ocr_page' id='page_1' title='image "./legesgraecorums00ziehgoog_0244.png"; bbox 0 0 3424 5462; ppageno 0'>
   <div class='ocr_carea' id='block_1_1' title="bbox 661 283 1463 350">
    <p class='ocr_par' dir='ltr' id='par_1_1' title="bbox 661 283 1463 350">
     <span class='ocr_line' id='line_1_1' title="bbox 661 283 1463 350; baseline -0.004 -10"><span class='ocrx_word' id='word_1_1' title='bbox 661 283 866 340; x_wconf 75' lang='lat' dir='ltr'>DnnPfflan</span> <span class='ocrx_word' id='word_1_2' title='bbox 885 303 911 338; x_wconf 92' lang='lat' dir='ltr'>n.</span> <span class='ocrx_word' id='word_1_3' title='bbox 928 290 961 339; x_wconf 75' lang='lat'>75</span> <span class='ocrx_word' id='word_1_4' title='bbox 1398 284 1463 350; x_wconf 81' lang='grc'>231</span> 
     </span>
    </p>
   </div>
   <div class='ocr_carea' id='block_1_2' title="bbox 151 454 1467 3867">
    <p class='ocr_par' dir='ltr' id='par_1_2' title="bbox 151 454 1467 2788">
     <span class='ocr_line' id='line_1_2' title="bbox 242 454 1465 535; baseline -0.002 -20"><span class='ocrx_word' id='word_1_5' title='bbox 242 454 316 516; x_wconf 90' lang='lat' dir='ltr'>Post</span> <span class='ocrx_word' id='word_1_6' title='bbox 348 455 494 535; x_wconf 78' lang='grc' dir='ltr'><strong><em>μηδεμίαν</em></strong></span> <span class='ocrx_word' id='word_1_7' title='bbox 521 455 609 516; x_wconf 89' lang='lat' dir='ltr'>unius</span> <span class='ocrx_word' id='word_1_8' title='bbox 641 455 761 515; x_wconf 73' lang='lat' dir='ltr'>litterae</span> <span class='ocrx_word' id='word_1_9' title='bbox 789 455 920 530; x_wconf 79' lang='lat' dir='ltr'>spatium</span> <span class='ocrx_word' id='word_1_10' title='bbox 948 456 1048 528; x_wconf 86' lang='lat' dir='ltr'>vaeat,</span> <span class='ocrx_word' id='word_1_11' title='bbox 1079 455 1144 513; x_wconf 84' lang='lat' dir='ltr'>veri</span> <span class='ocrx_word' id='word_1_12' title='bbox 1171 454 1269 514; x_wconf 88' lang='lat' dir='ltr'>simile</span> <span class='ocrx_word' id='word_1_13' title='bbox 1295 455 1390 532; x_wconf 87' lang='lat' dir='ltr'>igitm·</span> <span class='ocrx_word' id='word_1_14' title='bbox 1419 456 1465 514; x_wconf 88' lang='lat' dir='ltr'>est</span> 
     </span>
     <span class='ocr_line' id='line_1_3' title="bbox 152 552 1464 632; baseline -0.002 -18"><span class='ocrx_word' id='word_1_15' title='bbox 152 554 324 632; x_wconf 78' lang='lat' dir='ltr'>genetivum</span> <span class='ocrx_word' id='word_1_16' title='bbox 355 552 490 632; x_wconf 80' lang='grc' dir='ltr'><strong><em>οἰκήσιος</em></strong></span> <span class='ocrx_word' id='word_1_17' title='bbox 520 573 581 614; x_wconf 89' lang='lat' dir='ltr'>non</span> <span class='ocrx_word' id='word_1_18' title='bbox 613 571 675 614; x_wconf 90' lang='lat' dir='ltr'>esse</span> <span class='ocrx_word' id='word_1_19' title='bbox 707 552 945 631; x_wconf 88' lang='lat' dir='ltr'>eoniungendum</span> <span class='ocrx_word' id='word_1_20' title='bbox 978 571 1045 612; x_wconf 90' lang='lat' dir='ltr'>oum</span> <span class='ocrx_word' id='word_1_21' title='bbox 1077 554 1227 612; x_wconf 79' lang='lat' dir='ltr'>structura</span> <span class='ocrx_word' id='word_1_22' title='bbox 1258 553 1464 628; x_wconf 87' lang='lat' dir='ltr'>subsequentis</span> 
     </span>
     <span class='ocr_line' id='line_1_4' title="bbox 152 642 1465 730; baseline -0.002 -18"><span class='ocrx_word' id='word_1_23' title='bbox 152 654 312 727; x_wconf 85' lang='lat' dir='ltr'>enuntiati,</span> <span class='ocrx_word' id='word_1_24' title='bbox 335 652 386 712; x_wconf 90' lang='lat' dir='ltr'>sed</span> <span class='ocrx_word' id='word_1_25' title='bbox 409 653 481 712; x_wconf 84' lang='lat' dir='ltr'>novi</span> <span class='ocrx_word' id='word_1_26' title='bbox 503 669 566 713; x_wconf 91' lang='lat' dir='ltr'>esse</span> <span class='ocrx_word' id='word_1_27' title='bbox 589 652 696 728; x_wconf 85' lang='lat' dir='ltr'>eapitis</span> <span class='ocrx_word' id='word_1_28' title='bbox 719 642 985 730; x_wconf 80' lang='lat' dir='ltr'>praeseriptnm.¹⁹)</span> <span class='ocrx_word' id='word_1_29' title='bbox 1023 650 1135 727; x_wconf 78' lang='lat' dir='ltr'>Utique</span> <span class='ocrx_word' id='word_1_30' title='bbox 1152 671 1180 710; x_wconf 90' lang='lat' dir='ltr'>v.</span> <span class='ocrx_word' id='word_1_31' title='bbox 1197 652 1326 711; x_wconf 77' lang='lat'><strong>22-26</strong></span> <span class='ocrx_word' id='word_1_32' title='bbox 1347 650 1383 710; x_wconf 93' lang='lat' dir='ltr'>de</span> <span class='ocrx_word' id='word_1_33' title='bbox 1401 652 1465 709; x_wconf 91' lang='lat' dir='ltr'>iure</span> 
     </span>
     <span class='ocr_line' id='line_1_5' title="bbox 152 747 1465 828; baseline -0.001 -19"><span class='ocrx_word' id='word_1_34' title='bbox 152 752 186 809; x_wconf 93' lang='lat' dir='ltr'>in</span> <span class='ocrx_word' id='word_1_35' title='bbox 210 755 290 810; x_wconf 87' lang='lat' dir='ltr'>terra</span> <span class='ocrx_word' id='word_1_36' title='bbox 312 767 397 810; x_wconf 83' lang='lat' dir='ltr'>saera</span> <span class='ocrx_word' id='word_1_37' title='bbox 419 749 578 810; x_wconf 83' lang='lat' dir='ltr'>babitandi</span> <span class='ocrx_word' id='word_1_38' title='bbox 600 751 702 828; x_wconf 85' lang='lat' dir='ltr'>agitur</span> <span class='ocrx_word' id='word_1_39' title='bbox 724 752 763 824; x_wconf 83' lang='lat' dir='ltr'>et,</span> <span class='ocrx_word' id='word_1_40' title='bbox 786 751 843 810; x_wconf 89' lang='lat' dir='ltr'>etsi</span> <span class='ocrx_word' id='word_1_41' title='bbox 865 748 901 807; x_wconf 92' lang='lat' dir='ltr'>de</span> <span class='ocrx_word' id='word_1_42' title='bbox 924 749 1022 808; x_wconf 88' lang='lat' dir='ltr'>verbis</span> <span class='ocrx_word' id='word_1_43' title='bbox 1046 769 1073 808; x_wconf 80' lang='lat' dir='ltr'>v.</span> <span class='ocrx_word' id='word_1_44' title='bbox 1094 751 1133 808; x_wconf 80' lang='lat'>21</span> <span class='ocrx_word' id='word_1_45' title='bbox 1159 747 1332 827; x_wconf 79' lang='lat' dir='ltr'>supplendis</span> <span class='ocrx_word' id='word_1_46' title='bbox 1351 747 1465 822; x_wconf 89' lang='lat' dir='ltr'>dubito,</span> 
     </span>
     <span class='ocr_line' id='line_1_6' title="bbox 153 838 1465 925; baseline -0.003 -17"><span class='ocrx_word' id='word_1_47' title='bbox 153 867 270 908; x_wconf 84' lang='lat' dir='ltr'>summa</span> <span class='ocrx_word' id='word_1_48' title='bbox 293 849 446 925; x_wconf 84' lang='lat' dir='ltr'>praesepti</span> <span class='ocrx_word' id='word_1_49' title='bbox 469 851 551 908; x_wconf 80' lang='lat' dir='ltr'>certa</span> <span class='ocrx_word' id='word_1_50' title='bbox 568 848 695 908; x_wconf 87' lang='lat' dir='ltr'>videtur.</span> <span class='ocrx_word' id='word_1_51' title='bbox 732 847 768 907; x_wconf 93' lang='lat' dir='ltr'>V.</span> <span class='ocrx_word' id='word_1_52' title='bbox 784 849 824 906; x_wconf 80' lang='lat'>22</span> <span class='ocrx_word' id='word_1_53' title='bbox 837 848 877 906; x_wconf 88' lang='lat' dir='ltr'>in.</span> <span class='ocrx_word' id='word_1_54' title='bbox 901 848 981 906; x_wconf 87' lang='lat' dir='ltr'>enim</span> <span class='ocrx_word' id='word_1_55' title='bbox 1001 838 1177 907; x_wconf 85' lang='grc' dir='ltr'>ΕΝΕΙΔΙ.</span> <span class='ocrx_word' id='word_1_56' title='bbox 1209 847 1289 923; x_wconf 93' lang='lat' dir='ltr'>quod</span> <span class='ocrx_word' id='word_1_57' title='bbox 1311 847 1342 906; x_wconf 92' lang='lat' dir='ltr'>in</span> <span class='ocrx_word' id='word_1_58' title='bbox 1365 845 1465 921; x_wconf 89' lang='lat' dir='ltr'>lapide</span> 
     </span>
     <span class='ocr_line' id='line_1_7' title="bbox 151 943 1464 1025; baseline -0.002 -20"><span class='ocrx_word' id='word_1_59' title='bbox 151 946 276 1025; x_wconf 87' lang='lat' dir='ltr'>legitur,</span> <span class='ocrx_word' id='word_1_60' title='bbox 305 949 407 1023; x_wconf 88' lang='lat' dir='ltr'>aperte</span> <span class='ocrx_word' id='word_1_61' title='bbox 435 948 510 1007; x_wconf 83' lang='lat' dir='ltr'>vitio</span> <span class='ocrx_word' id='word_1_62' title='bbox 538 946 670 1021; x_wconf 78' lang='lat' dir='ltr'>laborat3</span> <span class='ocrx_word' id='word_1_63' title='bbox 702 964 794 1022; x_wconf 89' lang='lat' dir='ltr'>qnare</span> <span class='ocrx_word' id='word_1_64' title='bbox 822 963 887 1004; x_wconf 88' lang='lat' dir='ltr'>eum</span> <span class='ocrx_word' id='word_1_65' title='bbox 916 947 1059 1020; x_wconf 85' lang='lat' dir='ltr'>sequatur</span> <span class='ocrx_word' id='word_1_66' title='bbox 1086 947 1275 1005; x_wconf 81' lang='lat' dir='ltr'>enuntiatum</span> <span class='ocrx_word' id='word_1_67' title='bbox 1302 943 1464 1005; x_wconf 79' lang='lat' dir='ltr'>adversati-</span> 
     </span>
     <span class='ocr_line' id='line_1_8' title="bbox 152 1036 1465 1122; baseline -0.004 -18"><span class='ocrx_word' id='word_1_68' title='bbox 152 1064 224 1104; x_wconf 79' lang='lat' dir='ltr'>vum</span> <span class='ocrx_word' id='word_1_69' title='bbox 251 1042 303 1116; x_wconf 81' lang='grc' dir='ltr'>τὰς</span> <span class='ocrx_word' id='word_1_70' title='bbox 331 1041 362 1105; x_wconf 84' lang='grc' dir='ltr'>δὲ</span> <span class='ocrx_word' id='word_1_71' title='bbox 389 1043 541 1117; x_wconf 71' lang='grc' dir='ltr'><strong><em>παστάδας</em></strong></span> <span class='ocrx_word' id='word_1_72' title='bbox 568 1041 671 1116; x_wconf 80' lang='grc' dir='ltr'><strong><em>κοινὰς</em></strong></span> <span class='ocrx_word' id='word_1_73' title='bbox 699 1036 789 1122; x_wconf 78' lang='grc' dir='ltr'><strong><em>εἰμεν,</em></strong></span> <span class='ocrx_word' id='word_1_74' title='bbox 821 1043 883 1102; x_wconf 83' lang='lat' dir='ltr'>iam</span> <span class='ocrx_word' id='word_1_75' title='bbox 905 1042 1026 1103; x_wconf 90' lang='lat' dir='ltr'>Boeokh</span> <span class='ocrx_word' id='word_1_76' title='bbox 1053 1045 1162 1102; x_wconf 78' lang='lat' dir='ltr'>statuit</span> <span class='ocrx_word' id='word_1_77' title='bbox 1189 1044 1299 1102; x_wconf 88' lang='lat' dir='ltr'>litteris</span> <span class='ocrx_word' id='word_1_78' title='bbox 1327 1042 1388 1102; x_wconf 88' lang='lat' dir='ltr'>illis</span> <span class='ocrx_word' id='word_1_79' title='bbox 1412 1041 1465 1102; x_wconf 83' lang='lat' dir='ltr'>ed-</span> 
     </span>
     <span class='ocr_line' id='line_1_9' title="bbox 152 1139 1464 1219; baseline -0.002 -18"><span class='ocrx_word' id='word_1_80' title='bbox 152 1143 295 1202; x_wconf 84' lang='lat' dir='ltr'>ieetivum</span> <span class='ocrx_word' id='word_1_81' title='bbox 322 1142 428 1204; x_wconf 65' lang='grc' dir='ltr'><strong><em>,Ριὸἰοιν</em></strong></span> <span class='ocrx_word' id='word_1_82' title='bbox 454 1144 562 1218; x_wconf 89' lang='lat' dir='ltr'>latere,</span> <span class='ocrx_word' id='word_1_83' title='bbox 594 1142 678 1203; x_wconf 88' lang='lat' dir='ltr'>euius</span> <span class='ocrx_word' id='word_1_84' title='bbox 711 1141 863 1219; x_wconf 78' lang='lat' dir='ltr'>digamma</span> <span class='ocrx_word' id='word_1_85' title='bbox 894 1139 1026 1216; x_wconf 81' lang='lat' dir='ltr'>lapioide</span> <span class='ocrx_word' id='word_1_86' title='bbox 1052 1140 1173 1200; x_wconf 75' lang='lat' dir='ltr'>Atticus</span> <span class='ocrx_word' id='word_1_87' title='bbox 1202 1141 1278 1200; x_wconf 78' lang='lat' dir='ltr'>falso</span> <span class='ocrx_word' id='word_1_88' title='bbox 1310 1139 1464 1200; x_wconf 79' lang='lat' dir='ltr'>scribendo</span> 
     </span>
     <span class='ocr_line' id='line_1_10' title="bbox 154 1233 1465 1318; baseline -0.005 -17"><span class='ocrx_word' id='word_1_89' title='bbox 154 1234 182 1301; x_wconf 86' lang='grc' dir='ltr'>Ε</span> <span class='ocrx_word' id='word_1_90' title='bbox 211 1241 368 1318; x_wconf 77' lang='lat' dir='ltr'>expressit,</span> <span class='ocrx_word' id='word_1_91' title='bbox 400 1241 433 1300; x_wconf 91' lang='lat' dir='ltr'>id</span> <span class='ocrx_word' id='word_1_92' title='bbox 464 1243 566 1300; x_wconf 87' lang='lat' dir='ltr'>autem</span> <span class='ocrx_word' id='word_1_93' title='bbox 596 1240 777 1300; x_wconf 89' lang='lat' dir='ltr'>diseriminis</span> <span class='ocrx_word' id='word_1_94' title='bbox 809 1241 969 1316; x_wconf 80' lang='lat' dir='ltr'>praesepto</span> <span class='ocrx_word' id='word_1_95' title='bbox 1002 1240 1157 1312; x_wconf 87' lang='lat' dir='ltr'>eonstitni‚</span> <span class='ocrx_word' id='word_1_96' title='bbox 1190 1242 1225 1297; x_wconf 91' lang='lat' dir='ltr'>ut</span> <span class='ocrx_word' id='word_1_97' title='bbox 1254 1237 1390 1298; x_wconf 75' lang='lat' dir='ltr'>aedificia</span> <span class='ocrx_word' id='word_1_98' title='bbox 1417 1233 1465 1298; x_wconf 76' lang='lat' dir='ltr'>oe</span> 
     </span>
     <span class='ocr_line' id='line_1_11' title="bbox 152 1331 1465 1421; baseline -0.002 -24"><span class='ocrx_word' id='word_1_99' title='bbox 152 1338 301 1399; x_wconf 83' lang='grc' dir='ltr'><strong><em>θολάσσοι</em></strong></span> <span class='ocrx_word' id='word_1_100' title='bbox 324 1331 429 1421; x_wconf 61' lang='grc' dir='ltr'>ΒΜ)</span> <span class='ocrx_word' id='word_1_101' title='bbox 452 1339 557 1399; x_wconf 82' lang='lat' dir='ltr'>liceret</span> <span class='ocrx_word' id='word_1_102' title='bbox 578 1339 699 1416; x_wconf 79' lang='lat' dir='ltr'>private</span> <span class='ocrx_word' id='word_1_103' title='bbox 720 1337 839 1412; x_wconf 88' lang='lat' dir='ltr'>habere,</span> <span class='ocrx_word' id='word_1_104' title='bbox 861 1355 900 1397; x_wconf 87' lang='lat' dir='ltr'>se.</span> <span class='ocrx_word' id='word_1_105' title='bbox 918 1336 1216 1412; x_wconf 89' lang='lat' dir='ltr'>hieromnemonibus,</span> <span class='ocrx_word' id='word_1_106' title='bbox 1239 1337 1372 1414; x_wconf 85' lang='lat' dir='ltr'>portione</span> <span class='ocrx_word' id='word_1_107' title='bbox 1395 1354 1465 1395; x_wconf 84' lang='lat' dir='ltr'>vero</span> 
     </span>
     <span class='ocr_line' id='line_1_12' title="bbox 152 1433 1465 1513; baseline -0.003 -17"><span class='ocrx_word' id='word_1_108' title='bbox 152 1437 290 1497; x_wconf 89' lang='lat' dir='ltr'>omnibus</span> <span class='ocrx_word' id='word_1_109' title='bbox 318 1438 514 1496; x_wconf 78' lang='lat' dir='ltr'>communiter</span> <span class='ocrx_word' id='word_1_110' title='bbox 541 1437 653 1513; x_wconf 87' lang='lat' dir='ltr'>absque</span> <span class='ocrx_word' id='word_1_111' title='bbox 681 1435 815 1496; x_wconf 86' lang='lat' dir='ltr'>meroede</span> <span class='ocrx_word' id='word_1_112' title='bbox 842 1437 961 1511; x_wconf 86' lang='lat' dir='ltr'>praesto</span> <span class='ocrx_word' id='word_1_113' title='bbox 989 1437 1095 1494; x_wconf 90' lang='lat' dir='ltr'>essent.</span> <span class='ocrx_word' id='word_1_114' title='bbox 1141 1433 1221 1504; x_wconf 79' lang='lat' dir='ltr'>Quas</span> <span class='ocrx_word' id='word_1_115' title='bbox 1248 1435 1381 1511; x_wconf 85' lang='lat' dir='ltr'>partious</span> <span class='ocrx_word' id='word_1_116' title='bbox 1404 1433 1465 1492; x_wconf 93' lang='lat' dir='ltr'>illis</span> 
     </span>
     <span class='ocr_line' id='line_1_13' title="bbox 151 1524 1466 1614; baseline -0.002 -20"><span class='ocrx_word' id='word_1_117' title='bbox 151 1554 214 1594; x_wconf 91' lang='lat' dir='ltr'>non</span> <span class='ocrx_word' id='word_1_118' title='bbox 237 1535 333 1595; x_wconf 90' lang='lat' dir='ltr'>solum</span> <span class='ocrx_word' id='word_1_119' title='bbox 352 1534 441 1595; x_wconf 83' lang='lat' dir='ltr'>adid</span> <span class='ocrx_word' id='word_1_120' title='bbox 460 1535 625 1595; x_wconf 79' lang='lat' dir='ltr'>destinatas</span> <span class='ocrx_word' id='word_1_121' title='bbox 647 1535 748 1610; x_wconf 86' lang='lat' dir='ltr'>fuisse,</span> <span class='ocrx_word' id='word_1_122' title='bbox 771 1537 806 1594; x_wconf 92' lang='lat' dir='ltr'>ut</span> <span class='ocrx_word' id='word_1_123' title='bbox 823 1533 867 1592; x_wconf 88' lang='lat' dir='ltr'>ibi</span> <span class='ocrx_word' id='word_1_124' title='bbox 884 1532 1015 1592; x_wconf 84' lang='lat' dir='ltr'>interdiu</span> <span class='ocrx_word' id='word_1_125' title='bbox 1034 1536 1223 1592; x_wconf 83' lang='lat' dir='ltr'>versarentur</span> <span class='ocrx_word' id='word_1_126' title='bbox 1230 1524 1280 1614; x_wconf 79' lang='lat'>²¹),</span> <span class='ocrx_word' id='word_1_127' title='bbox 1303 1531 1355 1592; x_wconf 90' lang='lat' dir='ltr'>sed</span> <span class='ocrx_word' id='word_1_128' title='bbox 1374 1533 1466 1591; x_wconf 84' lang='lat' dir='ltr'>etiam</span> 
     </span>
     <span class='ocr_line' id='line_1_14' title="bbox 152 1631 1464 1710; baseline -0.003 -18"><span class='ocrx_word' id='word_1_129' title='bbox 152 1633 192 1692; x_wconf 91' lang='lat' dir='ltr'>ad</span> <span class='ocrx_word' id='word_1_130' title='bbox 214 1632 411 1693; x_wconf 83' lang='lat' dir='ltr'>habitandum</span> <span class='ocrx_word' id='word_1_131' title='bbox 433 1634 533 1710; x_wconf 90' lang='lat' dir='ltr'>ipsum</span> <span class='ocrx_word' id='word_1_132' title='bbox 557 1652 572 1690; x_wconf 90' lang='lat' dir='ltr'>e</span> <span class='ocrx_word' id='word_1_133' title='bbox 595 1651 708 1693; x_wconf 82' lang='lat' dir='ltr'>conexu</span> <span class='ocrx_word' id='word_1_134' title='bbox 730 1634 870 1692; x_wconf 84' lang='lat' dir='ltr'>universo</span> <span class='ocrx_word' id='word_1_135' title='bbox 898 1631 1022 1710; x_wconf 88' lang='lat' dir='ltr'>eolligo;</span> <span class='ocrx_word' id='word_1_136' title='bbox 1049 1631 1086 1690; x_wconf 86' lang='lat' dir='ltr'>ef.</span> <span class='ocrx_word' id='word_1_137' title='bbox 1110 1633 1201 1692; x_wconf 82' lang='lat' dir='ltr'>eliam</span> <span class='ocrx_word' id='word_1_138' title='bbox 1225 1631 1312 1692; x_wconf 86' lang='lat' dir='ltr'>Pena.</span> <span class='ocrx_word' id='word_1_139' title='bbox 1331 1631 1359 1689; x_wconf 89' lang='lat' dir='ltr'>X</span> <span class='ocrx_word' id='word_1_140' title='bbox 1379 1631 1464 1704; x_wconf 79' lang='lat'><strong>34‚7</strong></span> 
     </span>
     <span class='ocr_line' id='line_1_15' title="bbox 151 1726 1466 1812; baseline -0.001 -23"><span class='ocrx_word' id='word_1_141' title='bbox 151 1731 189 1790; x_wconf 89' lang='lat' dir='ltr'>de</span> <span class='ocrx_word' id='word_1_142' title='bbox 212 1733 284 1792; x_wconf 85' lang='lat' dir='ltr'>fano</span> <span class='ocrx_word' id='word_1_143' title='bbox 306 1732 459 1792; x_wconf 79' lang='lat' dir='ltr'>Minervae</span> <span class='ocrx_word' id='word_1_144' title='bbox 473 1730 639 1812; x_wconf 75' lang='grc' dir='ltr'><strong><em>Κραναίσςε</em></strong></span> <span class='ocrx_word' id='word_1_145' title='bbox 663 1727 746 1790; x_wconf 77' lang='grc' dir='ltr'><strong><em>στοαὶ</em></strong></span> <span class='ocrx_word' id='word_1_146' title='bbox 769 1727 802 1790; x_wconf 79' lang='grc' dir='ltr'>δέ</span> <span class='ocrx_word' id='word_1_147' title='bbox 824 1729 880 1790; x_wconf 85' lang='grc' dir='ltr'><strong><em>εἰσι</em></strong></span> <span class='ocrx_word' id='word_1_148' title='bbox 902 1726 952 1790; x_wconf 81' lang='grc' dir='ltr'><strong><em>καί</em></strong></span> <span class='ocrx_word' id='word_1_149' title='bbox 971 1727 1100 1806; x_wconf 75' lang='grc' dir='ltr'><strong><em>οἰκήσεις</em></strong></span> <span class='ocrx_word' id='word_1_150' title='bbox 1118 1727 1169 1789; x_wconf 77' lang='grc' dir='ltr'><strong><em>διὰ</em></strong></span> <span class='ocrx_word' id='word_1_151' title='bbox 1187 1737 1247 1789; x_wconf 83' lang='grc' dir='ltr'>τῶν</span> <span class='ocrx_word' id='word_1_152' title='bbox 1265 1736 1370 1808; x_wconf 81' lang='grc' dir='ltr'><strong><em>στοῶν,</em></strong></span> <span class='ocrx_word' id='word_1_153' title='bbox 1388 1727 1466 1788; x_wconf 81' lang='grc' dir='ltr'><strong><em>ἔνθα</em></strong></span> 
     </span>
     <span class='ocr_line' id='line_1_16' title="bbox 151 1822 1465 1910; baseline -0.002 -21"><span class='ocrx_word' id='word_1_154' title='bbox 151 1829 288 1890; x_wconf 79' lang='grc' dir='ltr'><strong><em>οἰκοῦσιν</em></strong></span> <span class='ocrx_word' id='word_1_155' title='bbox 311 1822 357 1902; x_wconf 77' lang='grc' dir='ltr'>οἷς</span> <span class='ocrx_word' id='word_1_156' title='bbox 379 1827 434 1906; x_wconf 80' lang='grc' dir='ltr'>τήν</span> <span class='ocrx_word' id='word_1_157' title='bbox 457 1827 532 1889; x_wconf 82' lang='grc' dir='ltr'><strong><em>θεὸν</em></strong></span> <span class='ocrx_word' id='word_1_158' title='bbox 554 1827 732 1910; x_wconf 78' lang='grc' dir='ltr'><strong><em>θεραπεύειν</em></strong></span> <span class='ocrx_word' id='word_1_159' title='bbox 755 1825 947 1906; x_wconf 78' lang='grc' dir='ltr'><strong><em>καθέστηκεν.</em></strong></span> <span class='ocrx_word' id='word_1_160' title='bbox 988 1827 1079 1888; x_wconf 80' lang='lat' dir='ltr'>Retio</span> <span class='ocrx_word' id='word_1_161' title='bbox 1101 1828 1196 1906; x_wconf 89' lang='lat' dir='ltr'>igitur</span> <span class='ocrx_word' id='word_1_162' title='bbox 1218 1829 1371 1904; x_wconf 78' lang='lat' dir='ltr'>praecepti</span> <span class='ocrx_word' id='word_1_163' title='bbox 1393 1826 1465 1887; x_wconf 84' lang='lat' dir='ltr'>haee</span> 
     </span>
     <span class='ocr_line' id='line_1_17' title="bbox 151 1925 1466 2003; baseline -0.002 -16"><span class='ocrx_word' id='word_1_164' title='bbox 151 1930 227 2002; x_wconf 79' lang='lat' dir='ltr'>erat,</span> <span class='ocrx_word' id='word_1_165' title='bbox 249 1930 284 1987; x_wconf 91' lang='lat' dir='ltr'>nt</span> <span class='ocrx_word' id='word_1_166' title='bbox 306 1928 561 1988; x_wconf 89' lang='lat' dir='ltr'>hieromnemones</span> <span class='ocrx_word' id='word_1_167' title='bbox 583 1947 638 2003; x_wconf 90' lang='lat' dir='ltr'>pro</span> <span class='ocrx_word' id='word_1_168' title='bbox 662 1945 718 1987; x_wconf 86' lang='lat' dir='ltr'>sua</span> <span class='ocrx_word' id='word_1_169' title='bbox 743 1929 868 2003; x_wconf 88' lang='lat' dir='ltr'>quisque</span> <span class='ocrx_word' id='word_1_170' title='bbox 891 1925 1045 1986; x_wconf 72' lang='lat' dir='ltr'>voluntate</span> <span class='ocrx_word' id='word_1_171' title='bbox 1069 1927 1100 1984; x_wconf 90' lang='lat' dir='ltr'>et</span> <span class='ocrx_word' id='word_1_172' title='bbox 1121 1925 1267 1986; x_wconf 75' lang='lat' dir='ltr'>facultate</span> <span class='ocrx_word' id='word_1_173' title='bbox 1290 1927 1344 1985; x_wconf 89' lang='lat' dir='ltr'>aut</span> <span class='ocrx_word' id='word_1_174' title='bbox 1367 1925 1466 2002; x_wconf 84' lang='lat' dir='ltr'>priva·</span> 
     </span>
     <span class='ocr_line' id='line_1_18' title="bbox 151 2023 1465 2104; baseline -0.004 -18"><span class='ocrx_word' id='word_1_175' title='bbox 151 2027 210 2086; x_wconf 89' lang='lat' dir='ltr'>tim</span> <span class='ocrx_word' id='word_1_176' title='bbox 233 2045 346 2101; x_wconf 89' lang='lat' dir='ltr'>suoque</span> <span class='ocrx_word' id='word_1_177' title='bbox 369 2029 491 2102; x_wconf 86' lang='lat' dir='ltr'>sumptu</span> <span class='ocrx_word' id='word_1_178' title='bbox 515 2029 568 2085; x_wconf 83' lang='lat' dir='ltr'>aut</span> <span class='ocrx_word' id='word_1_179' title='bbox 591 2025 699 2104; x_wconf 87' lang='lat' dir='ltr'>gratis,</span> <span class='ocrx_word' id='word_1_180' title='bbox 722 2023 919 2085; x_wconf 86' lang='lat' dir='ltr'>eommuniter</span> <span class='ocrx_word' id='word_1_181' title='bbox 941 2041 1013 2084; x_wconf 89' lang='lat' dir='ltr'>eane</span> <span class='ocrx_word' id='word_1_182' title='bbox 1036 2042 1103 2083; x_wconf 90' lang='lat' dir='ltr'>eum</span> <span class='ocrx_word' id='word_1_183' title='bbox 1127 2024 1195 2084; x_wconf 89' lang='lat' dir='ltr'>aliis</span> <span class='ocrx_word' id='word_1_184' title='bbox 1219 2023 1398 2084; x_wconf 88' lang='lat' dir='ltr'>habitarent.</span> <span class='ocrx_word' id='word_1_185' title='bbox 1424 2055 1465 2064; x_wconf 92' lang='lat'>—</span> 
     </span>
     <span class='ocr_line' id='line_1_19' title="bbox 152 2117 1466 2202; baseline -0.002 -18"><span class='ocrx_word' id='word_1_186' title='bbox 152 2143 180 2184; x_wconf 81' lang='lat' dir='ltr'>r.</span> <span class='ocrx_word' id='word_1_187' title='bbox 201 2125 243 2184; x_wconf 78' lang='lat'>23</span> <span class='ocrx_word' id='word_1_188' title='bbox 268 2117 339 2202; x_wconf 82' lang='grc' dir='ltr'>μηδ’</span> <span class='ocrx_word' id='word_1_189' title='bbox 365 2121 479 2184; x_wconf 76' lang='grc' dir='ltr'><strong><em>ἐνοικέν</em></strong></span> <span class='ocrx_word' id='word_1_190' title='bbox 501 2121 553 2183; x_wconf 80' lang='grc' dir='ltr'>τὸν</span> <span class='ocrx_word' id='word_1_191' title='bbox 575 2120 667 2183; x_wconf 80' lang='grc' dir='ltr'><strong><em>αὐτὸν</em></strong></span> <span class='ocrx_word' id='word_1_192' title='bbox 690 2119 780 2182; x_wconf 76' lang='grc' dir='ltr'><strong><em>πλέον</em></strong></span> <span class='ocrx_word' id='word_1_193' title='bbox 802 2125 876 2182; x_wconf 63' lang='lat' dir='ltr'>sels</span> <span class='ocrx_word' id='word_1_194' title='bbox 898 2122 1041 2180; x_wconf 88' lang='lat' dir='ltr'>nimirum</span> <span class='ocrx_word' id='word_1_195' title='bbox 1059 2124 1094 2180; x_wconf 90' lang='lat' dir='ltr'>ut</span> <span class='ocrx_word' id='word_1_196' title='bbox 1110 2122 1211 2198; x_wconf 89' lang='lat' dir='ltr'>plnres</span> <span class='ocrx_word' id='word_1_197' title='bbox 1235 2120 1389 2183; x_wconf 77' lang='lat' dir='ltr'>commodo</span> <span class='ocrx_word' id='word_1_198' title='bbox 1412 2122 1466 2182; x_wconf 91' lang='lat' dir='ltr'>illo</span> 
     </span>
     <span class='ocr_line' id='line_1_20' title="bbox 151 2219 1466 2300; baseline -0.002 -20"><span class='ocrx_word' id='word_1_199' title='bbox 151 2223 199 2282; x_wconf 84' lang='lat' dir='ltr'>uti</span> <span class='ocrx_word' id='word_1_200' title='bbox 221 2223 346 2298; x_wconf 85' lang='lat' dir='ltr'>possint.</span> <span class='ocrx_word' id='word_1_201' title='bbox 371 2254 413 2263; x_wconf 90' lang='lat'><em>-</em></span> <span class='ocrx_word' id='word_1_202' title='bbox 437 2221 473 2281; x_wconf 91' lang='lat' dir='ltr'>In</span> <span class='ocrx_word' id='word_1_203' title='bbox 500 2222 636 2297; x_wconf 84' lang='lat' dir='ltr'>proxima</span> <span class='ocrx_word' id='word_1_204' title='bbox 659 2219 766 2280; x_wconf 87' lang='lat' dir='ltr'>laeuna</span> <span class='ocrx_word' id='word_1_205' title='bbox 788 2224 916 2300; x_wconf 78' lang='grc' dir='ltr'><strong><em>γυναῖκα</em></strong></span> <span class='ocrx_word' id='word_1_206' title='bbox 939 2219 1078 2296; x_wconf 84' lang='lat' dir='ltr'>supplevi</span> <span class='ocrx_word' id='word_1_207' title='bbox 1100 2222 1224 2296; x_wconf 89' lang='lat' dir='ltr'>propter</span> <span class='ocrx_word' id='word_1_208' title='bbox 1251 2219 1398 2298; x_wconf 78' lang='grc' dir='ltr'><strong><em>μηδεμίαν</em></strong></span> <span class='ocrx_word' id='word_1_209' title='bbox 1420 2221 1466 2278; x_wconf 92' lang='lat' dir='ltr'>in·</span> 
     </span>
     <span class='ocr_line' id='line_1_21' title="bbox 152 2317 1467 2397; baseline -0.002 -17"><span class='ocrx_word' id='word_1_210' title='bbox 152 2322 306 2397; x_wconf 89' lang='lat' dir='ltr'>sequentis</span> <span class='ocrx_word' id='word_1_211' title='bbox 333 2339 448 2394; x_wconf 84' lang='lat' dir='ltr'>versus3</span> <span class='ocrx_word' id='word_1_212' title='bbox 476 2320 532 2379; x_wconf 88' lang='lat' dir='ltr'>hoe</span> <span class='ocrx_word' id='word_1_213' title='bbox 558 2320 638 2378; x_wconf 89' lang='lat' dir='ltr'>enim</span> <span class='ocrx_word' id='word_1_214' title='bbox 661 2319 700 2378; x_wconf 93' lang='lat' dir='ltr'>ad</span> <span class='ocrx_word' id='word_1_215' title='bbox 722 2319 871 2378; x_wconf 82' lang='lat' dir='ltr'>obiectum</span> <span class='ocrx_word' id='word_1_216' title='bbox 893 2317 1030 2378; x_wconf 80' lang='lat' dir='ltr'>feminini</span> <span class='ocrx_word' id='word_1_217' title='bbox 1053 2319 1169 2396; x_wconf 87' lang='lat' dir='ltr'>generis</span> <span class='ocrx_word' id='word_1_218' title='bbox 1196 2319 1357 2394; x_wconf 85' lang='lat' dir='ltr'>pertinere,</span> <span class='ocrx_word' id='word_1_219' title='bbox 1386 2317 1467 2394; x_wconf 90' lang='lat' dir='ltr'>quod</span> 
     </span>
     <span class='ocr_line' id='line_1_22' title="bbox 153 2416 1464 2495; baseline -0.003 -17"><span class='ocrx_word' id='word_1_220' title='bbox 153 2437 188 2478; x_wconf 84' lang='lat' dir='ltr'>ex</span> <span class='ocrx_word' id='word_1_221' title='bbox 206 2417 320 2479; x_wconf 74' lang='grc' dir='ltr'><strong><em>ἐνοικὲν</em></strong></span> <span class='ocrx_word' id='word_1_222' title='bbox 338 2417 468 2494; x_wconf 88' lang='lat' dir='ltr'>pendeat</span> <span class='ocrx_word' id='word_1_223' title='bbox 486 2417 568 2478; x_wconf 85' lang='lat' dir='ltr'>velut</span> <span class='ocrx_word' id='word_1_224' title='bbox 586 2419 700 2476; x_wconf 87' lang='lat' dir='ltr'>eertum</span> <span class='ocrx_word' id='word_1_225' title='bbox 719 2416 847 2477; x_wconf 88' lang='lat' dir='ltr'>aedifieii</span> <span class='ocrx_word' id='word_1_226' title='bbox 865 2435 967 2495; x_wconf 88' lang='lat' dir='ltr'>genus,</span> <span class='ocrx_word' id='word_1_227' title='bbox 985 2419 1050 2477; x_wconf 85' lang='lat' dir='ltr'>veri</span> <span class='ocrx_word' id='word_1_228' title='bbox 1064 2416 1208 2477; x_wconf 85' lang='lat' dir='ltr'>dissimile</span> <span class='ocrx_word' id='word_1_229' title='bbox 1222 2419 1305 2492; x_wconf 91' lang='lat' dir='ltr'>puto.</span> <span class='ocrx_word' id='word_1_230' title='bbox 1322 2449 1363 2457; x_wconf 96' lang='lat'><strong>—</strong></span> <span class='ocrx_word' id='word_1_231' title='bbox 1379 2436 1406 2475; x_wconf 83' lang='lat' dir='ltr'>v.</span> <span class='ocrx_word' id='word_1_232' title='bbox 1422 2418 1464 2474; x_wconf 78' lang='lat'>24</span> 
     </span>
     <span class='ocr_line' id='line_1_23' title="bbox 153 2513 1466 2594; baseline -0.003 -18"><span class='ocrx_word' id='word_1_233' title='bbox 153 2513 230 2594; x_wconf 78' lang='grc' dir='ltr'>μηδὲ</span> <span class='ocrx_word' id='word_1_234' title='bbox 253 2515 349 2594; x_wconf 71' lang='grc' dir='ltr'><strong><em>μόλον</em></strong></span> <span class='ocrx_word' id='word_1_235' title='bbox 371 2513 485 2592; x_wconf 78' lang='grc' dir='ltr'><strong><em>ἐνεῖμεν</em></strong></span> <span class='ocrx_word' id='word_1_236' title='bbox 507 2517 566 2574; x_wconf 79' lang='grc' dir='ltr'><strong><em>κτλ.</em></strong></span> <span class='ocrx_word' id='word_1_237' title='bbox 585 2515 624 2574; x_wconf 93' lang='lat' dir='ltr'>ad</span> <span class='ocrx_word' id='word_1_238' title='bbox 645 2515 821 2594; x_wconf 82' lang='lat' dir='ltr'>religionem</span> <span class='ocrx_word' id='word_1_239' title='bbox 844 2517 941 2574; x_wconf 89' lang='lat' dir='ltr'>terrae</span> <span class='ocrx_word' id='word_1_240' title='bbox 965 2533 1075 2591; x_wconf 81' lang='lat' dir='ltr'>saonae,</span> <span class='ocrx_word' id='word_1_241' title='bbox 1098 2515 1177 2574; x_wconf 89' lang='lat' dir='ltr'>unde</span> <span class='ocrx_word' id='word_1_242' title='bbox 1196 2515 1245 2574; x_wconf 87' lang='lat' dir='ltr'>vel</span> <span class='ocrx_word' id='word_1_243' title='bbox 1266 2517 1466 2574; x_wconf 88' lang='lat' dir='ltr'>instrumenta</span> 
     </span>
     <span class='ocr_line' id='line_1_24' title="bbox 152 2611 1465 2691; baseline -0.001 -18"><span class='ocrx_word' id='word_1_244' title='bbox 152 2614 350 2674; x_wconf 76' lang='lat' dir='ltr'>frumentaria</span> <span class='ocrx_word' id='word_1_245' title='bbox 371 2612 557 2691; x_wconf 83' lang='lat' dir='ltr'>prohibenda</span> <span class='ocrx_word' id='word_1_246' title='bbox 579 2614 678 2688; x_wconf 81' lang='lat' dir='ltr'>erent,</span> <span class='ocrx_word' id='word_1_247' title='bbox 701 2613 806 2672; x_wconf 82' lang='lat' dir='ltr'>refero.</span> <span class='ocrx_word' id='word_1_248' title='bbox 851 2612 1038 2672; x_wconf 85' lang='lat' dir='ltr'>Infinitivum</span> <span class='ocrx_word' id='word_1_249' title='bbox 1066 2611 1179 2690; x_wconf 81' lang='grc' dir='ltr'><strong><em>ἰνεῖμεν</em></strong></span> <span class='ocrx_word' id='word_1_250' title='bbox 1203 2633 1221 2673; x_wconf 92' lang='lat' dir='ltr'>a</span> <span class='ocrx_word' id='word_1_251' title='bbox 1243 2612 1333 2673; x_wconf 84' lang='lat' dir='ltr'>verbo</span> <span class='ocrx_word' id='word_1_252' title='bbox 1356 2611 1465 2690; x_wconf 82' lang='grc' dir='ltr'><strong><em>ἰνίημι,</em></strong></span> 
     </span>
     <span class='ocr_line' id='line_1_25' title="bbox 153 2709 703 2788; baseline -0.007 -16"><span class='ocrx_word' id='word_1_253' title='bbox 153 2731 214 2772; x_wconf 90' lang='lat' dir='ltr'>non</span> <span class='ocrx_word' id='word_1_254' title='bbox 238 2712 276 2771; x_wconf 87' lang='lat' dir='ltr'>ab</span> <span class='ocrx_word' id='word_1_255' title='bbox 300 2709 409 2772; x_wconf 78' lang='grc' dir='ltr'><strong><em>ἐνεῖναι</em></strong></span> <span class='ocrx_word' id='word_1_256' title='bbox 433 2711 538 2771; x_wconf 87' lang='lat' dir='ltr'>dueere</span> <span class='ocrx_word' id='word_1_257' title='bbox 561 2714 703 2788; x_wconf 82' lang='lat' dir='ltr'>praestet.</span> 
     </span>
    </p>

    <p class='ocr_par' dir='ltr' id='par_1_3' title="bbox 152 2801 1466 3867">
     <span class='ocr_line' id='line_1_26' title="bbox 244 2801 1465 2890; baseline -0.001 -22"><span class='ocrx_word' id='word_1_258' title='bbox 244 2808 343 2886; x_wconf 79' lang='lat' dir='ltr'>Caput</span> <span class='ocrx_word' id='word_1_259' title='bbox 365 2827 491 2886; x_wconf 89' lang='lat' dir='ltr'>sequens</span> <span class='ocrx_word' id='word_1_260' title='bbox 511 2801 552 2889; x_wconf 84' lang='lat' dir='ltr'>(v.</span> <span class='ocrx_word' id='word_1_261' title='bbox 569 2803 715 2890; x_wconf 79' lang='lat'>26-32)</span> <span class='ocrx_word' id='word_1_262' title='bbox 739 2809 933 2869; x_wconf 79' lang='lat' dir='ltr'>difficultates</span> <span class='ocrx_word' id='word_1_263' title='bbox 955 2809 1079 2884; x_wconf 81' lang='lat' dir='ltr'>praebet</span> <span class='ocrx_word' id='word_1_264' title='bbox 1102 2827 1239 2888; x_wconf 69' lang='lat' dir='ltr'>magnas,</span> <span class='ocrx_word' id='word_1_265' title='bbox 1262 2808 1367 2868; x_wconf 87' lang='lat' dir='ltr'>statim</span> <span class='ocrx_word' id='word_1_266' title='bbox 1389 2807 1465 2868; x_wconf 86' lang='lat' dir='ltr'>illud</span> 
     </span>
     <span class='ocr_line' id='line_1_27' title="bbox 152 2900 1466 2988; baseline -0.003 -18"><span class='ocrx_word' id='word_1_267' title='bbox 152 2913 249 2986; x_wconf 83' lang='grc' dir='ltr'><strong><em>λοιτις,</em></strong></span> <span class='ocrx_word' id='word_1_268' title='bbox 273 2908 353 2984; x_wconf 91' lang='lat' dir='ltr'>quod</span> <span class='ocrx_word' id='word_1_269' title='bbox 375 2926 438 2969; x_wconf 87' lang='lat' dir='ltr'>esse</span> <span class='ocrx_word' id='word_1_270' title='bbox 460 2909 492 2966; x_wconf 93' lang='lat' dir='ltr'>in</span> <span class='ocrx_word' id='word_1_271' title='bbox 516 2907 617 2984; x_wconf 81' lang='lat' dir='ltr'>lepide</span> <span class='ocrx_word' id='word_1_272' title='bbox 640 2907 701 2967; x_wconf 84' lang='lat' dir='ltr'>ism</span> <span class='ocrx_word' id='word_1_273' title='bbox 724 2900 898 2988; x_wconf 76' lang='lat' dir='ltr'>eonstat”),</span> <span class='ocrx_word' id='word_1_274' title='bbox 920 2909 1199 2983; x_wconf 82' lang='lat' dir='ltr'>interpretationem</span> <span class='ocrx_word' id='word_1_275' title='bbox 1222 2908 1357 2966; x_wconf 84' lang='lat' dir='ltr'>exomni</span> <span class='ocrx_word' id='word_1_276' title='bbox 1379 2910 1466 2984; x_wconf 79' lang='lat' dir='ltr'>parte</span> 
     </span>
     <span class='ocr_line' id='line_1_28' title="bbox 152 2997 1465 3086; baseline 0 -20"><span class='ocrx_word' id='word_1_277' title='bbox 152 3010 251 3066; x_wconf 88' lang='lat' dir='ltr'>tutam</span> <span class='ocrx_word' id='word_1_278' title='bbox 275 3026 335 3066; x_wconf 88' lang='lat' dir='ltr'>non</span> <span class='ocrx_word' id='word_1_279' title='bbox 358 3007 482 3066; x_wconf 84' lang='lat' dir='ltr'>invenit.</span> <span class='ocrx_word' id='word_1_280' title='bbox 519 2997 753 3086; x_wconf 72' lang='lat' dir='ltr'>Kretsohmer⁹³)</span> <span class='ocrx_word' id='word_1_281' title='bbox 777 3005 958 3066; x_wconf 81' lang='lat' dir='ltr'>venabulum</span> <span class='ocrx_word' id='word_1_282' title='bbox 977 3005 1015 3064; x_wconf 89' lang='lat' dir='ltr'>ad</span> <span class='ocrx_word' id='word_1_283' title='bbox 1034 3007 1159 3080; x_wconf 87' lang='lat' dir='ltr'>stirpem</span> <span class='ocrx_word' id='word_1_284' title='bbox 1176 3007 1228 3082; x_wconf 80' lang='grc' dir='ltr'>λη·</span> <span class='ocrx_word' id='word_1_285' title='bbox 1247 3007 1318 3064; x_wconf 84' lang='lat' dir='ltr'>oelle</span> <span class='ocrx_word' id='word_1_286' title='bbox 1336 3004 1465 3066; x_wconf 79' lang='lat' dir='ltr'>referens</span> 
     </span>
     <span class='ocr_line' id='line_1_29' title="bbox 152 3103 1464 3180; baseline -0.002 -16"><span class='ocrx_word' id='word_1_287' title='bbox 152 3106 369 3180; x_wconf 87' lang='lat' dir='ltr'>interpretatus</span> <span class='ocrx_word' id='word_1_288' title='bbox 397 3107 443 3164; x_wconf 88' lang='lat' dir='ltr'>est</span> <span class='ocrx_word' id='word_1_289' title='bbox 472 3104 571 3172; x_wconf 77' lang='lat' dir='ltr'>Wille,</span> <span class='ocrx_word' id='word_1_290' title='bbox 603 3103 767 3178; x_wconf 73' lang='grc' dir='ltr'><strong><em>Βιοοίιίιιβ,</em></strong></span> <span class='ocrx_word' id='word_1_291' title='bbox 799 3104 850 3163; x_wconf 90' lang='lat' dir='ltr'>sad</span> <span class='ocrx_word' id='word_1_292' title='bbox 877 3106 1089 3180; x_wconf 83' lang='lat' dir='ltr'>praeterquam</span> <span class='ocrx_word' id='word_1_293' title='bbox 1119 3103 1198 3180; x_wconf 89' lang='lat' dir='ltr'>quod</span> <span class='ocrx_word' id='word_1_294' title='bbox 1220 3103 1464 3180; x_wconf 83' lang='lat' dir='ltr'>Amphietionum</span> 
     </span>
     <span class='ocr_line' id='line_1_30' title="bbox 153 3199 1466 3282; baseline -0.002 -20"><span class='ocrx_word' id='word_1_295' title='bbox 153 3203 274 3263; x_wconf 89' lang='lat' dir='ltr'>deereta</span> <span class='ocrx_word' id='word_1_296' title='bbox 296 3199 427 3282; x_wconf 80' lang='grc' dir='ltr'><strong><em>δόγματα</em></strong></span> <span class='ocrx_word' id='word_1_297' title='bbox 449 3204 551 3263; x_wconf 82' lang='lat' dir='ltr'>vocari</span> <span class='ocrx_word' id='word_1_298' title='bbox 578 3200 709 3276; x_wconf 84' lang='lat' dir='ltr'>soleant,</span> <span class='ocrx_word' id='word_1_299' title='bbox 736 3221 789 3262; x_wconf 89' lang='lat' dir='ltr'>eur</span> <span class='ocrx_word' id='word_1_300' title='bbox 815 3203 872 3262; x_wconf 89' lang='lat' dir='ltr'>hoo</span> <span class='ocrx_word' id='word_1_301' title='bbox 893 3203 1084 3279; x_wconf 82' lang='lat' dir='ltr'>potissimum</span> <span class='ocrx_word' id='word_1_302' title='bbox 1107 3203 1200 3277; x_wconf 87' lang='lat' dir='ltr'>eaput</span> <span class='ocrx_word' id='word_1_303' title='bbox 1222 3201 1266 3261; x_wconf 88' lang='lat' dir='ltr'>ita</span> <span class='ocrx_word' id='word_1_304' title='bbox 1288 3201 1466 3277; x_wconf 85' lang='lat' dir='ltr'>appelletur,</span> 
     </span>
     <span class='ocr_line' id='line_1_31' title="bbox 153 3298 1466 3378; baseline -0.004 -16"><span class='ocrx_word' id='word_1_305' title='bbox 153 3320 221 3362; x_wconf 88' lang='lat' dir='ltr'>oum</span> <span class='ocrx_word' id='word_1_306' title='bbox 244 3302 401 3360; x_wconf 79' lang='lat' dir='ltr'>universus</span> <span class='ocrx_word' id='word_1_307' title='bbox 423 3299 532 3360; x_wconf 85' lang='lat' dir='ltr'>titulus</span> <span class='ocrx_word' id='word_1_308' title='bbox 556 3299 705 3359; x_wconf 76' lang='lat' dir='ltr'>decretum</span> <span class='ocrx_word' id='word_1_309' title='bbox 728 3300 777 3374; x_wconf 86' lang='lat' dir='ltr'>sit,</span> <span class='ocrx_word' id='word_1_310' title='bbox 800 3319 860 3360; x_wconf 91' lang='lat' dir='ltr'>non</span> <span class='ocrx_word' id='word_1_311' title='bbox 882 3299 1019 3378; x_wconf 80' lang='lat' dir='ltr'>intellegi</span> <span class='ocrx_word' id='word_1_312' title='bbox 1041 3298 1220 3359; x_wconf 89' lang='lat' dir='ltr'>Danielsson</span> <span class='ocrx_word' id='word_1_313' title='bbox 1244 3302 1323 3360; x_wconf 90' lang='lat' dir='ltr'>reete</span> <span class='ocrx_word' id='word_1_314' title='bbox 1347 3299 1466 3374; x_wconf 88' lang='lat' dir='ltr'>obieeit,</span> 
     </span>
     <span class='ocr_line' id='line_1_32' title="bbox 153 3396 1465 3477; baseline -0.002 -19"><span class='ocrx_word' id='word_1_315' title='bbox 153 3400 207 3477; x_wconf 90' lang='lat' dir='ltr'>qui</span> <span class='ocrx_word' id='word_1_316' title='bbox 233 3399 297 3476; x_wconf 90' lang='lat' dir='ltr'>ipse</span> <span class='ocrx_word' id='word_1_317' title='bbox 329 3401 416 3458; x_wconf 87' lang='lat' dir='ltr'>aeute</span> <span class='ocrx_word' id='word_1_318' title='bbox 443 3400 474 3458; x_wconf 88' lang='lat' dir='ltr'>et</span> <span class='ocrx_word' id='word_1_319' title='bbox 501 3397 662 3476; x_wconf 85' lang='lat' dir='ltr'>diligenter</span> <span class='ocrx_word' id='word_1_320' title='bbox 687 3400 827 3458; x_wconf 84' lang='lat' dir='ltr'>universo</span> <span class='ocrx_word' id='word_1_321' title='bbox 851 3417 964 3459; x_wconf 86' lang='lat' dir='ltr'>eonexu</span> <span class='ocrx_word' id='word_1_322' title='bbox 987 3396 1173 3458; x_wconf 76' lang='lat' dir='ltr'>considerato</span> <span class='ocrx_word' id='word_1_323' title='bbox 1200 3397 1274 3457; x_wconf 86' lang='lat' dir='ltr'>haee</span> <span class='ocrx_word' id='word_1_324' title='bbox 1296 3398 1465 3475; x_wconf 86' lang='lat' dir='ltr'>proposuit:</span> 
     </span>
     <span class='ocr_line' id='line_1_33' title="bbox 154 3495 1465 3574; baseline -0.003 -16"><span class='ocrx_word' id='word_1_325' title='bbox 154 3499 297 3574; x_wconf 89' lang='lat' dir='ltr'>quoniam</span> <span class='ocrx_word' id='word_1_326' title='bbox 319 3498 352 3556; x_wconf 89' lang='lat' dir='ltr'>in</span> <span class='ocrx_word' id='word_1_327' title='bbox 374 3499 460 3574; x_wconf 83' lang='lat' dir='ltr'>parte</span> <span class='ocrx_word' id='word_1_328' title='bbox 484 3495 591 3572; x_wconf 87' lang='lat' dir='ltr'>eapitis</span> <span class='ocrx_word' id='word_1_329' title='bbox 614 3499 790 3557; x_wconf 86' lang='lat' dir='ltr'>eonservata</span> <span class='ocrx_word' id='word_1_330' title='bbox 813 3496 849 3555; x_wconf 94' lang='lat' dir='ltr'>de</span> <span class='ocrx_word' id='word_1_331' title='bbox 872 3497 984 3556; x_wconf 84' lang='lat' dir='ltr'>vestitu</span> <span class='ocrx_word' id='word_1_332' title='bbox 1002 3497 1169 3571; x_wconf 88' lang='lat' dir='ltr'>ornatuque</span> <span class='ocrx_word' id='word_1_333' title='bbox 1188 3513 1283 3554; x_wconf 89' lang='lat' dir='ltr'>sermo</span> <span class='ocrx_word' id='word_1_334' title='bbox 1303 3495 1352 3570; x_wconf 89' lang='lat' dir='ltr'>sit,</span> <span class='ocrx_word' id='word_1_335' title='bbox 1374 3514 1465 3554; x_wconf 89' lang='lat' dir='ltr'>enun-</span> 
     </span>
     <span class='ocr_line' id='line_1_34' title="bbox 154 3588 1464 3672; baseline -0.003 -16"><span class='ocrx_word' id='word_1_336' title='bbox 154 3598 241 3670; x_wconf 75' lang='lat' dir='ltr'>tiato,</span> <span class='ocrx_word' id='word_1_337' title='bbox 264 3594 344 3672; x_wconf 92' lang='lat' dir='ltr'>quod</span> <span class='ocrx_word' id='word_1_338' title='bbox 367 3594 475 3671; x_wconf 91' lang='lat' dir='ltr'>ineipit</span> <span class='ocrx_word' id='word_1_339' title='bbox 497 3590 516 3654; x_wconf 80' lang='grc' dir='ltr'><strong>ἆ</strong></span> <span class='ocrx_word' id='word_1_340' title='bbox 539 3598 624 3666; x_wconf 81' lang='grc' dir='ltr'><strong><em>λοιιις</em></strong></span> <span class='ocrx_word' id='word_1_341' title='bbox 646 3603 698 3666; x_wconf 84' lang='grc' dir='ltr'>τᾶς</span> <span class='ocrx_word' id='word_1_342' title='bbox 717 3588 822 3672; x_wconf 82' lang='grc' dir='ltr'><strong><em>Ἀμφ-,</em></strong></span> <span class='ocrx_word' id='word_1_343' title='bbox 843 3596 1035 3670; x_wconf 80' lang='lat' dir='ltr'>praeceptum</span> <span class='ocrx_word' id='word_1_344' title='bbox 1059 3593 1161 3653; x_wconf 91' lang='lat' dir='ltr'>eodem</span> <span class='ocrx_word' id='word_1_345' title='bbox 1183 3595 1335 3670; x_wconf 89' lang='lat' dir='ltr'>pertinens</span> <span class='ocrx_word' id='word_1_346' title='bbox 1359 3593 1464 3670; x_wconf 82' lang='lat' dir='ltr'>latere3</span> 
     </span>
     <span class='ocr_line' id='line_1_35' title="bbox 154 3691 1466 3768; baseline -0.003 -15"><span class='ocrx_word' id='word_1_347' title='bbox 154 3693 233 3753; x_wconf 93' lang='lat' dir='ltr'>unde</span> <span class='ocrx_word' id='word_1_348' title='bbox 256 3694 349 3768; x_wconf 86' lang='lat' dir='ltr'>sequi,</span> <span class='ocrx_word' id='word_1_349' title='bbox 372 3695 406 3751; x_wconf 93' lang='lat' dir='ltr'>ut</span> <span class='ocrx_word' id='word_1_350' title='bbox 428 3694 514 3764; x_wconf 83' lang='grc' dir='ltr'><strong><em>λωτις</em></strong></span> <span class='ocrx_word' id='word_1_351' title='bbox 533 3694 586 3752; x_wconf 88' lang='lat' dir='ltr'>aut</span> <span class='ocrx_word' id='word_1_352' title='bbox 607 3692 707 3768; x_wconf 89' lang='lat' dir='ltr'>ipsum</span> <span class='ocrx_word' id='word_1_353' title='bbox 729 3691 921 3752; x_wconf 73' lang='lat' dir='ltr'>simulacrum</span> <span class='ocrx_word' id='word_1_354' title='bbox 941 3693 994 3751; x_wconf 83' lang='lat' dir='ltr'>eut</span> <span class='ocrx_word' id='word_1_355' title='bbox 1012 3709 1082 3767; x_wconf 82' lang='lat' dir='ltr'>pers</span> <span class='ocrx_word' id='word_1_356' title='bbox 1101 3695 1223 3751; x_wconf 88' lang='lat' dir='ltr'>ornatus</span> <span class='ocrx_word' id='word_1_357' title='bbox 1242 3693 1295 3766; x_wconf 83' lang='lat' dir='ltr'>sit3</span> <span class='ocrx_word' id='word_1_358' title='bbox 1317 3691 1380 3751; x_wconf 83' lang='lat' dir='ltr'>iam</span> <span class='ocrx_word' id='word_1_359' title='bbox 1398 3711 1466 3752; x_wconf 88' lang='lat' dir='ltr'>eum</span> 
     </span>
     <span class='ocr_line' id='line_1_36' title="bbox 153 3785 1465 3867; baseline -0.003 -15"><span class='ocrx_word' id='word_1_360' title='bbox 153 3795 233 3852; x_wconf 86' lang='lat' dir='ltr'>inter</span> <span class='ocrx_word' id='word_1_361' title='bbox 256 3793 447 3866; x_wconf 88' lang='lat' dir='ltr'>vestimenta,</span> <span class='ocrx_word' id='word_1_362' title='bbox 475 3808 552 3867; x_wconf 87' lang='lat' dir='ltr'>quae</span> <span class='ocrx_word' id='word_1_363' title='bbox 576 3793 858 3864; x_wconf 78' lang='lat' dir='ltr'>commemorentur,</span> <span class='ocrx_word' id='word_1_364' title='bbox 888 3791 991 3849; x_wconf 78' lang='lat' dir='ltr'>tunica</span> <span class='ocrx_word' id='word_1_365' title='bbox 1013 3789 1091 3850; x_wconf 90' lang='lat' dir='ltr'>desit</span> <span class='ocrx_word' id='word_1_366' title='bbox 1113 3809 1237 3866; x_wconf 88' lang='lat' dir='ltr'>eamque</span> <span class='ocrx_word' id='word_1_367' title='bbox 1261 3792 1330 3849; x_wconf 86' lang='lat' dir='ltr'>ante</span> <span class='ocrx_word' id='word_1_368' title='bbox 1353 3787 1385 3850; x_wconf 79' lang='grc' dir='ltr'>τὸ</span> <span class='ocrx_word' id='word_1_369' title='bbox 1409 3785 1465 3867; x_wconf 79' lang='grc' dir='ltr'>ἰμ-</span> 
     </span>
    </p>
   </div>
   <div class='ocr_carea' id='block_1_3' title="bbox 154 3994 1466 4790">
    <p class='ocr_par' dir='ltr' id='par_1_4' title="bbox 154 3994 1466 4392">
     <span class='ocr_line' id='line_1_37' title="bbox 228 3994 1465 4068; baseline -0.002 -16"><span class='ocrx_word' id='word_1_370' title='bbox 228 4002 271 4068; x_wconf 81' lang='grc'>19)</span> <span class='ocrx_word' id='word_1_371' title='bbox 298 3999 394 4068; x_wconf 86' lang='lat' dir='ltr'>potest</span> <span class='ocrx_word' id='word_1_372' title='bbox 412 4012 480 4051; x_wconf 87' lang='lat' dir='ltr'>eane</span> <span class='ocrx_word' id='word_1_373' title='bbox 499 3997 599 4052; x_wconf 90' lang='lat' dir='ltr'>eadem</span> <span class='ocrx_word' id='word_1_374' title='bbox 615 3996 725 4050; x_wconf 87' lang='lat' dir='ltr'>ratione</span> <span class='ocrx_word' id='word_1_375' title='bbox 742 3995 887 4066; x_wconf 78' lang='lat' dir='ltr'>explicari,</span> <span class='ocrx_word' id='word_1_376' title='bbox 906 4012 963 4063; x_wconf 89' lang='lat' dir='ltr'>qua</span> <span class='ocrx_word' id='word_1_377' title='bbox 977 3994 1111 4050; x_wconf 80' lang='lat' dir='ltr'>Beunaek</span> <span class='ocrx_word' id='word_1_378' title='bbox 1128 3995 1253 4065; x_wconf 88' lang='lat' dir='ltr'>spatium</span> <span class='ocrx_word' id='word_1_379' title='bbox 1266 4011 1385 4050; x_wconf 84' lang='lat' dir='ltr'>vaenum</span> <span class='ocrx_word' id='word_1_380' title='bbox 1400 3997 1465 4049; x_wconf 85' lang='lat' dir='ltr'>ante</span> 
     </span>
     <span class='ocr_line' id='line_1_38' title="bbox 154 4073 1466 4152; baseline -0.005 -16"><span class='ocrx_word' id='word_1_381' title='bbox 154 4077 346 4152; x_wconf 72' lang='grc' dir='ltr'><strong><em>ὑποβαλλομοι</em></strong></span> <span class='ocrx_word' id='word_1_382' title='bbox 363 4094 389 4132; x_wconf 89' lang='lat' dir='ltr'>v.</span> <span class='ocrx_word' id='word_1_383' title='bbox 404 4081 420 4130; x_wconf 82' lang='grc'>6</span> <span class='ocrx_word' id='word_1_384' title='bbox 439 4075 603 4146; x_wconf 82' lang='lat' dir='ltr'>expliearit;</span> <span class='ocrx_word' id='word_1_385' title='bbox 621 4092 688 4131; x_wconf 87' lang='lat' dir='ltr'>nam</span> <span class='ocrx_word' id='word_1_386' title='bbox 702 4079 767 4130; x_wconf 80' lang='lat' dir='ltr'>ente</span> <span class='ocrx_word' id='word_1_387' title='bbox 782 4075 907 4144; x_wconf 76' lang='grc' dir='ltr'><strong><em>οἰκήσιος</em></strong></span> <span class='ocrx_word' id='word_1_388' title='bbox 919 4074 950 4129; x_wconf 90' lang='lat' dir='ltr'>in</span> <span class='ocrx_word' id='word_1_389' title='bbox 968 4074 1121 4146; x_wconf 68' lang='lat' dir='ltr'>exemplari</span> <span class='ocrx_word' id='word_1_390' title='bbox 1135 4073 1272 4146; x_wconf 82' lang='lat' dir='ltr'>Delphico</span> <span class='ocrx_word' id='word_1_391' title='bbox 1287 4075 1364 4130; x_wconf 89' lang='lat' dir='ltr'>haud</span> <span class='ocrx_word' id='word_1_392' title='bbox 1380 4073 1466 4130; x_wconf 90' lang='lat' dir='ltr'>dubie</span> 
     </span>
     <span class='ocr_line' id='line_1_39' title="bbox 155 4155 1465 4231; baseline -0.003 -17"><span class='ocrx_word' id='word_1_393' title='bbox 155 4159 298 4231; x_wconf 82' lang='lat' dir='ltr'>digamma</span> <span class='ocrx_word' id='word_1_394' title='bbox 317 4159 386 4224; x_wconf 81' lang='lat' dir='ltr'>eret,</span> <span class='ocrx_word' id='word_1_395' title='bbox 405 4156 481 4224; x_wconf 92' lang='lat' dir='ltr'>quod</span> <span class='ocrx_word' id='word_1_396' title='bbox 500 4156 625 4227; x_wconf 83' lang='lat' dir='ltr'>lapieida</span> <span class='ocrx_word' id='word_1_397' title='bbox 643 4158 693 4210; x_wconf 80' lang='lat' dir='ltr'>sut</span> <span class='ocrx_word' id='word_1_398' title='bbox 711 4155 809 4211; x_wconf 81' lang='lat' dir='ltr'>stetim</span> <span class='ocrx_word' id='word_1_399' title='bbox 828 4155 955 4211; x_wconf 86' lang='lat' dir='ltr'>omisisse</span> <span class='ocrx_word' id='word_1_400' title='bbox 975 4157 1025 4210; x_wconf 89' lang='lat' dir='ltr'>ant</span> <span class='ocrx_word' id='word_1_401' title='bbox 1042 4155 1134 4226; x_wconf 86' lang='lat' dir='ltr'>primo</span> <span class='ocrx_word' id='word_1_402' title='bbox 1148 4155 1350 4224; x_wconf 79' lang='lat' dir='ltr'>transoriptum</span> <span class='ocrx_word' id='word_1_403' title='bbox 1364 4157 1465 4225; x_wconf 80' lang='lat' dir='ltr'>postes</span> 
     </span>
     <span class='ocr_line' id='line_1_40' title="bbox 155 4235 1465 4308; baseline -0.005 -12"><span class='ocrx_word' id='word_1_404' title='bbox 155 4239 273 4296; x_wconf 66' lang='lat' dir='ltr'>maeiase</span> <span class='ocrx_word' id='word_1_405' title='bbox 290 4241 394 4308; x_wconf 87' lang='lat' dir='ltr'>potest.</span> <span class='ocrx_word' id='word_1_406' title='bbox 431 4236 524 4293; x_wconf 86' lang='lat' dir='ltr'>Velim</span> <span class='ocrx_word' id='word_1_407' title='bbox 542 4235 616 4307; x_wconf 85' lang='lat' dir='ltr'>lapis</span> <span class='ocrx_word' id='word_1_408' title='bbox 634 4235 815 4307; x_wconf 85' lang='lat' dir='ltr'>inspiciatur,</span> <span class='ocrx_word' id='word_1_409' title='bbox 833 4254 902 4290; x_wconf 91' lang='lat' dir='ltr'>num</span> <span class='ocrx_word' id='word_1_410' title='bbox 920 4239 950 4292; x_wconf 89' lang='lat' dir='ltr'>et</span> <span class='ocrx_word' id='word_1_411' title='bbox 968 4235 1021 4291; x_wconf 87' lang='lat' dir='ltr'>hoe</span> <span class='ocrx_word' id='word_1_412' title='bbox 1041 4235 1102 4292; x_wconf 87' lang='lat' dir='ltr'>loeo</span> <span class='ocrx_word' id='word_1_413' title='bbox 1122 4239 1150 4291; x_wconf 88' lang='lat' dir='ltr'>et</span> <span class='ocrx_word' id='word_1_414' title='bbox 1168 4253 1193 4290; x_wconf 89' lang='lat' dir='ltr'>v.</span> <span class='ocrx_word' id='word_1_415' title='bbox 1209 4240 1225 4289; x_wconf 84' lang='grc'>6</span> <span class='ocrx_word' id='word_1_416' title='bbox 1244 4251 1359 4290; x_wconf 80' lang='lat' dir='ltr'>resurae</span> <span class='ocrx_word' id='word_1_417' title='bbox 1379 4236 1465 4290; x_wconf 85' lang='lat' dir='ltr'>vesti·</span> 
     </span>
     <span class='ocr_line' id='line_1_41' title="bbox 155 4319 361 4392; baseline -0.015 -17"><span class='ocrx_word' id='word_1_418' title='bbox 155 4321 204 4392; x_wconf 88' lang='lat' dir='ltr'>gia</span> <span class='ocrx_word' id='word_1_419' title='bbox 222 4319 361 4374; x_wconf 86' lang='lat' dir='ltr'>exhibeat.</span> 
     </span>
    </p>

    <p class='ocr_par' dir='ltr' id='par_1_5' title="bbox 227 4396 1089 4470">
     <span class='ocr_line' id='line_1_42' title="bbox 227 4396 1089 4470; baseline -0.002 -17"><span class='ocrx_word' id='word_1_420' title='bbox 227 4401 271 4470; x_wconf 79' lang='lat'>20)</span> <span class='ocrx_word' id='word_1_421' title='bbox 299 4399 335 4452; x_wconf 90' lang='lat' dir='ltr'>de</span> <span class='ocrx_word' id='word_1_422' title='bbox 353 4401 429 4454; x_wconf 86' lang='lat' dir='ltr'>terra</span> <span class='ocrx_word' id='word_1_423' title='bbox 448 4396 582 4452; x_wconf 77' lang='lat' dir='ltr'>Oimhaea</span> <span class='ocrx_word' id='word_1_424' title='bbox 599 4397 635 4451; x_wconf 82' lang='lat' dir='ltr'>ed</span> <span class='ocrx_word' id='word_1_425' title='bbox 654 4412 731 4451; x_wconf 87' lang='lat' dir='ltr'>mare</span> <span class='ocrx_word' id='word_1_426' title='bbox 749 4397 806 4452; x_wconf 85' lang='lat' dir='ltr'>site</span> <span class='ocrx_word' id='word_1_427' title='bbox 824 4396 859 4450; x_wconf 87' lang='lat' dir='ltr'>ef.</span> <span class='ocrx_word' id='word_1_428' title='bbox 873 4397 956 4452; x_wconf 88' lang='lat' dir='ltr'>Pane.</span> <span class='ocrx_word' id='word_1_429' title='bbox 971 4397 997 4450; x_wconf 90' lang='lat' dir='ltr'>X</span> <span class='ocrx_word' id='word_1_430' title='bbox 1012 4401 1054 4464; x_wconf 76' lang='lat' dir='ltr'>et,</span> <span class='ocrx_word' id='word_1_431' title='bbox 1065 4402 1089 4451; x_wconf 85' lang='lat'>6.</span> 
     </span>
    </p>

    <p class='ocr_par' dir='ltr' id='par_1_6' title="bbox 155 4476 1465 4706">
     <span class='ocr_line' id='line_1_43' title="bbox 226 4476 1465 4550; baseline -0.002 -16"><span class='ocrx_word' id='word_1_432' title='bbox 226 4483 271 4550; x_wconf 78' lang='lat'>21)</span> <span class='ocrx_word' id='word_1_433' title='bbox 300 4479 335 4534; x_wconf 84' lang='lat' dir='ltr'>ef.</span> <span class='ocrx_word' id='word_1_434' title='bbox 354 4477 573 4544; x_wconf 77' lang='lat' dir='ltr'>Paue.V124,2</span> <span class='ocrx_word' id='word_1_435' title='bbox 597 4477 633 4534; x_wconf 86' lang='lat' dir='ltr'>de</span> <span class='ocrx_word' id='word_1_436' title='bbox 655 4476 766 4548; x_wconf 85' lang='lat' dir='ltr'>portien</span> <span class='ocrx_word' id='word_1_437' title='bbox 784 4476 962 4532; x_wconf 88' lang='lat' dir='ltr'>meridionali</span> <span class='ocrx_word' id='word_1_438' title='bbox 985 4477 1039 4531; x_wconf 83' lang='lat' dir='ltr'>fori</span> <span class='ocrx_word' id='word_1_439' title='bbox 1058 4476 1132 4532; x_wconf 82' lang='lat' dir='ltr'>Elei:</span> <span class='ocrx_word' id='word_1_440' title='bbox 1161 4479 1303 4546; x_wconf 75' lang='grc' dir='ltr'><strong><em>διαιροῦσι</em></strong></span> <span class='ocrx_word' id='word_1_441' title='bbox 1326 4477 1357 4534; x_wconf 75' lang='lat' dir='ltr'>el</span> <span class='ocrx_word' id='word_1_442' title='bbox 1376 4477 1465 4547; x_wconf 75' lang='grc' dir='ltr'><strong><em>αἰνήν</em></strong></span> 
     </span>
     <span class='ocr_line' id='line_1_44' title="bbox 155 4554 1465 4632; baseline -0.002 -17"><span class='ocrx_word' id='word_1_443' title='bbox 155 4563 184 4626; x_wconf 77' lang='grc' dir='ltr'>ἐς</span> <span class='ocrx_word' id='word_1_444' title='bbox 201 4558 302 4632; x_wconf 75' lang='grc' dir='ltr'><strong><em>μοίρας</em></strong></span> <span class='ocrx_word' id='word_1_445' title='bbox 319 4567 393 4628; x_wconf 73' lang='grc' dir='ltr'><strong><em>τρεῖς</em></strong></span> <span class='ocrx_word' id='word_1_446' title='bbox 410 4557 439 4613; x_wconf 85' lang='grc' dir='ltr'>οἰ</span> <span class='ocrx_word' id='word_1_447' title='bbox 457 4556 564 4622; x_wconf 76' lang='grc' dir='ltr'><strong><em>κίονες·</em></strong></span> <span class='ocrx_word' id='word_1_448' title='bbox 584 4557 615 4612; x_wconf 72' lang='grc' dir='ltr'>ἐν</span> <span class='ocrx_word' id='word_1_449' title='bbox 633 4559 721 4630; x_wconf 73' lang='grc' dir='ltr'><strong><em>ταύτῃ</em></strong></span> <span class='ocrx_word' id='word_1_450' title='bbox 740 4558 936 4628; x_wconf 70' lang='grc' dir='ltr'><strong><em>διημερεύωσι</em></strong></span> <span class='ocrx_word' id='word_1_451' title='bbox 954 4557 989 4612; x_wconf 80' lang='grc' dir='ltr'>τὰ</span> <span class='ocrx_word' id='word_1_452' title='bbox 1007 4557 1096 4612; x_wconf 77' lang='grc' dir='ltr'><strong><em>πολλὰ</em></strong></span> <span class='ocrx_word' id='word_1_453' title='bbox 1114 4556 1142 4612; x_wconf 83' lang='lat' dir='ltr'>ol</span> <span class='ocrx_word' id='word_1_454' title='bbox 1157 4554 1368 4624; x_wconf 68' lang='grc' dir='ltr'><strong><em>Ἑλλανοδίκαις</em></strong></span> <span class='ocrx_word' id='word_1_455' title='bbox 1386 4556 1465 4627; x_wconf 80' lang='lat' dir='ltr'>ipsae</span> 
     </span>
     <span class='ocr_line' id='line_1_45' title="bbox 155 4634 1331 4706; baseline -0.003 -9"><span class='ocrx_word' id='word_1_456' title='bbox 155 4644 251 4697; x_wconf 85' lang='lat' dir='ltr'>tamen</span> <span class='ocrx_word' id='word_1_457' title='bbox 268 4637 460 4694; x_wconf 84' lang='lat' dir='ltr'>habitationes</span> <span class='ocrx_word' id='word_1_458' title='bbox 479 4637 514 4691; x_wconf 87' lang='lat' dir='ltr'>iis</span> <span class='ocrx_word' id='word_1_459' title='bbox 534 4640 615 4693; x_wconf 86' lang='lat' dir='ltr'>erant</span> <span class='ocrx_word' id='word_1_460' title='bbox 633 4637 664 4691; x_wconf 89' lang='lat' dir='ltr'>in</span> <span class='ocrx_word' id='word_1_461' title='bbox 682 4636 819 4703; x_wconf 82' lang='lat' dir='ltr'>aedificio,</span> <span class='ocrx_word' id='word_1_462' title='bbox 838 4637 915 4706; x_wconf 85' lang='lat' dir='ltr'>quod</span> <span class='ocrx_word' id='word_1_463' title='bbox 934 4636 1087 4692; x_wconf 77' lang='lat' dir='ltr'>vocabatur</span> <span class='ocrx_word' id='word_1_464' title='bbox 1102 4634 1331 4694; x_wconf 77' lang='grc' dir='ltr'><strong><em>Ἑλλανοδικείιν.</em></strong></span> 
     </span>
    </p>

    <p class='ocr_par' dir='ltr' id='par_1_7' title="bbox 227 4717 1466 4790">
     <span class='ocr_line' id='line_1_46' title="bbox 227 4717 1466 4790; baseline -0.002 -16"><span class='ocrx_word' id='word_1_465' title='bbox 227 4723 271 4790; x_wconf 75' lang='lat'>22)</span> <span class='ocrx_word' id='word_1_466' title='bbox 300 4720 404 4772; x_wconf 71' lang='lat' dir='ltr'>dorla</span> <span class='ocrx_word' id='word_1_467' title='bbox 424 4717 603 4773; x_wconf 82' lang='lat' dir='ltr'>scribendum</span> <span class='ocrx_word' id='word_1_468' title='bbox 622 4734 683 4774; x_wconf 88' lang='lat' dir='ltr'>esse</span> <span class='ocrx_word' id='word_1_469' title='bbox 701 4717 854 4773; x_wconf 85' lang='lat' dir='ltr'>oensebant</span> <span class='ocrx_word' id='word_1_470' title='bbox 873 4717 986 4773; x_wconf 83' lang='lat' dir='ltr'>Boeelrh</span> <span class='ocrx_word' id='word_1_471' title='bbox 1009 4720 1038 4771; x_wconf 88' lang='lat' dir='ltr'>et</span> <span class='ocrx_word' id='word_1_472' title='bbox 1056 4717 1178 4786; x_wconf 78' lang='grc' dir='ltr'><strong><em>Δίιιοιικ,</em></strong></span> <span class='ocrx_word' id='word_1_473' title='bbox 1201 4735 1271 4786; x_wconf 88' lang='lat' dir='ltr'>quos</span> <span class='ocrx_word' id='word_1_474' title='bbox 1290 4721 1403 4774; x_wconf 86' lang='lat' dir='ltr'>secutus</span> <span class='ocrx_word' id='word_1_475' title='bbox 1423 4720 1466 4772; x_wconf 83' lang='lat' dir='ltr'>est</span> 
     </span>
    </p>
   </div>
   <div class='ocr_carea' id='block_1_4' title="bbox 154 4800 1076 4951">
    <p class='ocr_par' dir='ltr' id='par_1_8' title="bbox 154 4800 1076 4951">
     <span class='ocr_line' id='line_1_47' title="bbox 154 4800 365 4857; baseline -0.019 0"><span class='ocrx_word' id='word_1_476' title='bbox 154 4803 186 4857; x_wconf 80' lang='lat' dir='ltr'>A.</span> <span class='ocrx_word' id='word_1_477' title='bbox 202 4800 365 4856; x_wconf 77' lang='lat' dir='ltr'>Mommsen.</span> 
     </span>
     <span class='ocr_line' id='line_1_48' title="bbox 227 4878 1076 4951; baseline -0.002 -15"><span class='ocrx_word' id='word_1_478' title='bbox 227 4883 272 4951; x_wconf 75' lang='grc'>23)</span> <span class='ocrx_word' id='word_1_479' title='bbox 301 4880 402 4935; x_wconf 71' lang='lat' dir='ltr'>Kettos</span> <span class='ocrx_word' id='word_1_480' title='bbox 420 4879 549 4936; x_wconf 60' lang='lat' dir='ltr'>Zeibebr.</span> <span class='ocrx_word' id='word_1_481' title='bbox 564 4879 641 4934; x_wconf 83' lang='lat' dir='ltr'>XXX</span> <span class='ocrx_word' id='word_1_482' title='bbox 659 4885 768 4950; x_wconf 61' lang='grc' dir='ltr'><strong><em>ολδερ,</em></strong></span> <span class='ocrx_word' id='word_1_483' title='bbox 787 4878 822 4935; x_wconf 82' lang='grc' dir='ltr'>οἰ.</span> <span class='ocrx_word' id='word_1_484' title='bbox 838 4878 1005 4934; x_wconf 82' lang='lat' dir='ltr'>Danielsson</span> <span class='ocrx_word' id='word_1_485' title='bbox 1023 4878 1042 4933; x_wconf 94' lang='lat' dir='ltr'>l.</span> <span class='ocrx_word' id='word_1_486' title='bbox 1053 4895 1076 4934; x_wconf 90' lang='grc' dir='ltr'>ο.</span> 
     </span>
    </p>
   </div>
   <div class='ocr_carea' id='block_1_5' title="bbox 0 0 1719 5462">
    <p class='ocr_par' dir='ltr' id='par_1_9' title="bbox 0 0 1719 5462">
     <span class='ocr_line' id='line_1_49' title="bbox 0 0 1719 5462; baseline 0 0"><span class='ocrx_word' id='word_1_487' title='bbox 0 0 1719 5462; x_wconf 95' lang='lat' dir='ltr'> </span> 
     </span>
    </p>
   </div>
  </div>
 </body>
</html>
