3426 5462
714 257 870 312 ATTICAE
889 277 916 312 n.
938 266 970 314 12
1456 265 1498 330 53

278 422 388 486 Versus
411 427 545 502 singissos
569 425 724 505 στοιχηδὸν
747 429 907 504 inscriptos
930 432 1018 489 unius
1042 432 1072 489 et
1095 451 1308 508 sexagenarum
1329 434 1499 494 litterarum

183 521 278 582 fuisse
303 525 429 600 apparet
452 543 468 582 e
491 543 518 583 r.
539 527 590 598 24,
614 527 666 601 qui
690 525 778 584 eliter
801 543 836 586 ac
859 525 1051 588 Kumenndes
1074 529 1145 588 feeit
1168 532 1273 606 nequit
1295 532 1435 608 suppleri

276 641 304 681 v.
330 621 348 680 8
374 616 623 702 Πυανοφσ]ιόνος
651 617 752 702 τ[ρίτει
780 623 946 699 φθίνοντος
973 627 1192 688 restituendum
1223 631 1380 706 proposuit
1407 630 1499 690 Wilh.

185 719 267 795 apud
286 718 330 794 R,
354 739 389 780 ac
406 720 517 780 mensis
541 721 663 797 quidem
681 722 836 782 ciuusdam
854 723 934 782 diem
952 725 1046 783 latere
1065 728 1178 801 optime
1197 726 1248 786 ille
1267 730 1425 804 perspexit,
1448 729 1499 788 sed

184 817 366 877 anoenslia
389 838 483 896 aeque
507 838 543 879 eo
566 817 694 880 Chaleea
717 819 923 898 Pyanopsione
946 841 1046 883 mense
1074 823 1222 885 celebrate
1251 843 1313 886 osse
1341 829 1421 886 certo
1449 827 1499 887 de·

184 918 348 976 monstrari
372 937 430 976 non
453 921 562 993 potest,
586 937 769 994 quamquam
792 919 956 979 Mommsen
979 940 1158 998 persuasum
1179 923 1284 982 hebuit
1307 943 1342 984 ao
1364 925 1426 983 iam
1444 944 1498 1001 pro

183 1017 267 1074 certo
291 1015 427 1074 vendidit
449 1007 592 1097 Pfuhl.¹¹)
630 1016 701 1076 Istri
726 1017 805 1076 enim
828 1018 936 1092 verbis,
960 1018 997 1077 ed
1021 1039 1098 1095 quae
1122 1021 1171 1079 hic
1194 1020 1291 1080 denuo
1315 1026 1498 1099 provocavit,

182 1110 217 1172 ἐν
245 1119 281 1196 τῇ
309 1119 369 1174 τῶν
389 1106 592 1196 Ἀπατουρίων
621 1111 705 1196 ἓορτῇ
731 1108 904 1192 Ἀθηναίων
932 1116 963 1176 oi
988 1117 1140 1190 καλλίστας
1168 1117 1271 1192 στολόις
1301 1116 1498 1196 ἐνδεδυκότες,

185 1210 326 1288 λαβόντες
346 1205 479 1289 ἡμμένας
497 1212 654 1290 λαμπάδας
672 1210 731 1273 ἀπὸ
750 1221 802 1292 τῆς
820 1211 916 1286 ἑστίας
929 1213 1057 1293 ὑμνοῦσι
1075 1215 1127 1277 τὸν
1141 1211 1312 1293 Ἥφαιστον
1326 1211 1497 1295 stetten)

184 1302 345 1389 (Harpocr.
369 1329 392 1370 s.
411 1330 438 1369 v.
463 1303 593 1392 λαμπάς)
617 1330 677 1371 nou
700 1312 736 1372 de
759 1311 972 1374 Vulcanalium
994 1315 1258 1392 lampadedromis,
1284 1316 1335 1376 sed
1358 1317 1393 1376 de
1416 1318 1497 1394 Apa·

182 1409 333 1466 tur-iorum
369 1408 515 1468 sacrificio
544 1428 611 1468 oum
643 1410 762 1485 hymnis
790 1411 944 1488 taedisque
977 1417 1122 1473 nocturno
1155 1417 1268 1492 egitur,
1300 1434 1334 1474 ac
1362 1435 1398 1474 ne
1428 1416 1497 1476 inde

183 1505 314 1582 quidem,
335 1506 414 1582 qnod
427 1506 647 1584 Harpocration
665 1509 847 1569 mentionem
865 1509 947 1570 illius
961 1510 1059 1570 verbis
1078 1512 1114 1571 de
1128 1512 1391 1589 lampededromiis
1406 1533 1497 1590 supra

183 1607 246 1662 not.
262 1607 305 1664 20
324 1605 426 1664 allatis
445 1604 607 1682 subiunxit,
626 1608 787 1683 quiequam
806 1608 943 1684 efficitur,
962 1608 1121 1670 dummodo
1140 1611 1235 1687 ipsius
1250 1611 1496 1688 Hmpocrationis

182 1703 300 1780 glossae
325 1721 469 1762 conexum
497 1723 531 1764 ac
554 1707 735 1764 structuram
757 1709 837 1765 recte
861 1700 1132 1790 constituamus.²⁴)
1177 1708 1207 1769 Is
1231 1711 1311 1768 enim
1337 1711 1495 1771 manifesto

180 1801 223 1875 id,
252 1801 332 1877 qnod
359 1801 395 1860 de
418 1803 516 1862 tribus
539 1802 712 1880 lampadum
741 1805 951 1865 certaminibus
974 1806 1207 1867 Atheniensibus
1234 1808 1341 1886 tradit,
1369 1807 1495 1868 duorum

184 1903 342 1960 auctorum
365 1901 545 1962 testimoniis
569 1901 732 1976 confirmat,
755 1901 924 1963 Polemonis
948 1895 1003 1985 (ὡς
1026 1901 1171 1982 Πολέμων
1194 1902 1288 1982 φησίν
1311 1903 1344 1966 ἐν
1366 1911 1406 1989 τῷ
1429 1905 1495 1986 περί

182 2006 243 2057 τῶν
266 1995 298 2058 ἐν
321 2002 382 2071 τοῖς
405 1999 600 2078 προπυλαίοις
622 1991 771 2082 πινάκων)
796 2003 826 2060 et
848 2001 921 2062 Istri
942 1995 1066 2082 (Ἴστρος
1089 1995 1113 2063 δ
1139 2000 1172 2063 ἐν
1195 1999 1223 2062 α’
1245 2012 1304 2063 τῶν
1324 1995 1494 2087 Ἀτθίδων),
1536 2081 1539 2088 Ι

180 2096 293 2157 addens
316 2099 418 2158 temen
441 2117 476 2157 ex
499 2097 578 2158 Istro
602 2100 731 2158 alterum
754 2100 967 2175 testimonium,
991 2101 1070 2177 quod
1094 2100 1173 2179 apud
1197 2121 1264 2161 eum
1289 2103 1380 2178 pauo
1403 2121 1494 2180 supra

179 2195 296 2273 legerat
315 2187 423 2276 (εἰπὼν
440 2229 483 2236 -
502 2199 574 2257 nota
592 2200 710 2274 tempus
729 2199 874 2258 aoristum
889 2231 929 2239 -
949 2194 990 2272 όος
1008 2196 1040 2258 ἕν
1058 2207 1093 2282 τῇ
1113 2207 1172 2259 τῶν
1187 2193 1390 2278 Ἀπατουρίων
1409 2193 1493 2284 κτλ),

179 2293 259 2352 unde
292 2295 344 2370 qni
372 2295 463 2354 trerit
491 2295 572 2371 apud
598 2297 698 2372 ipsum
725 2296 836 2356 Istrum
868 2315 1008 2372 conexus,
1040 2299 1142 2377 colligi
1174 2317 1233 2358 non
1256 2317 1343 2374 posse
1370 2301 1420 2358 vix
1448 2303 1494 2360 est

179 2391 262 2468 quod
284 2392 390 2452 dicam.
438 2393 578 2453 Scholion
602 2396 702 2454 sutem
725 2387 948 2476 Patmnum²⁵),
977 2395 1015 2455 sd
1043 2396 1124 2471 qnod
1150 2399 1293 2473 provocat
1319 2397 1492 2472 Mommsen,

179 2493 286 2566 aperte
309 2489 429 2551 laborat
452 2492 623 2552 confusione
631 2483 679 2572 ²⁶),
701 2496 737 2550 ut
755 2495 808 2568 qui
828 2512 862 2552 eo
886 2494 994 2552 nititur
1016 2493 1048 2552 in
1071 2494 1186 2554 lubrico
1205 2497 1347 2555 versetur.
1385 2496 1492 2573 ltaque

178 2591 215 2646 ut
237 2607 316 2648 nuuc
338 2607 386 2649 res
411 2593 464 2664 est,
487 2589 524 2649 de
546 2592 681 2667 ternpore
704 2589 915 2651 vulcanalium
938 2591 1083 2652 iudicium
1105 2595 1234 2652 retinere
1257 2593 1350 2654 satius
1374 2596 1426 2654 est.

271 2707 296 2746 v.
309 2689 349 2746 16
369 2680 430 2766 apg
444 2692 574 2765 μοσικὲςι
593 2689 648 2748 hoc
666 2689 761 2766 igitur
777 2690 843 2749 loco
862 2689 898 2748 de
913 2693 1075 2750 certamine
1094 2693 1208 2750 musico
1217 2690 1437 2768 Vulcano-lium,
1456 2694 1491 2752 de

179 2803 239 2860 quo
263 2785 383 2846 aliunde
406 2786 479 2847 satis
499 2778 671 2867 mnsatfl),
695 2787 803 2866 agitur,
826 2787 878 2848 sed
898 2789 978 2864 quod
998 2788 1098 2848 Schtll
1117 2809 1144 2849 v.
1166 2791 1206 2849 15
1226 2784 1423 2870 πεντή]κοντα
1442 2789 1491 2851 καὶ

177 2877 298 2962 ἓκατό[ν
316 2884 482 2961 supplendo
500 2885 593 2945 trium
611 2885 745 2945 tribuum
765 2886 868 2946 choros
887 2888 967 2946 inter
985 2903 1017 2946 se
1036 2891 1163 2948 certasse
1182 2890 1318 2962 coniecit,
1335 2891 1491 2965 incertum,

177 2981 237 3041 etsi
258 3001 415 3042 numerum
433 2984 488 3060 qui
505 2983 548 3043 ibi
566 2984 643 3042 latet
660 2982 753 3043 simili
770 2985 886 3044 ratione
905 2984 1113 3062 explicandum
1132 3004 1195 3047 esse
1212 2986 1366 3062 probabile
1386 2990 1438 3047 est.

250 3164 294 3232 22)
313 3163 347 3217 ‹le
361 3165 470 3232 pompis
488 3163 576 3234 sopris
593 3181 620 3232 p.
637 3167 678 3216 61.

250 3245 293 3312 23)
313 3242 354 3296 sic
372 3241 447 3296 enim
462 3244 539 3298 recte
553 3243 676 3310 codices3
696 3241 819 3311 δέοντες,
834 3244 909 3314 quod
924 3244 1029 3315 legitur
1043 3246 1120 3316 spud
1133 3243 1231 3313 Belli,
1250 3248 1355 3301 temere
1370 3245 1490 3302 coniecit

181 3321 311 3378 Valesius
326 3325 404 3377 ratus
419 3322 454 3376 de
468 3322 711 3393 lampadedromia
725 3339 881 3378 sermonem
896 3341 964 3392 esse,
979 3341 1150 3395 quamquam
1165 3343 1228 3380 oum
1243 3341 1276 3380 ea
1290 3343 1381 3394 neque
1395 3325 1490 3382 στολαί

176 3419 269 3472 neque
290 3402 374 3473 όμνσι
397 3403 574 3458 conveniunt.
612 3403 700 3458 Recte
718 3405 747 3458 et
766 3405 955 3459 oonieotursm
974 3408 1004 3460 et
1021 3405 1213 3460 confusionem
1232 3405 1413 3462 indonatum
1431 3408 1489 3462 iam

177 3483 287 3554 pridem
300 3483 460 3540 reiecerunt
468 3483 616 3538 Wecklein
626 3485 741 3540 Hermes
749 3483 801 3539 VH
814 3503 841 3555 p.
852 3491 904 3538 444
911 3503 951 3555 sq.
961 3488 991 3540 et
1005 3485 1118 3557 Stengel
1135 3485 1206 3541 λα’
1215 3503 1241 3556 p.
1253 3491 1314 3553 205,
1324 3492 1353 3554 53
1368 3503 1489 3558 quocum

177 3563 264 3618 etism
283 3563 438 3619 Mommsen
456 3580 531 3618 nuno
549 3565 690 3618 consentit
708 3565 735 3634 (ί.
751 3581 772 3620 c.
792 3583 819 3636 p.
834 3569 905 3635 340).

248 3645 293 3714 24)
312 3644 343 3698 id
362 3644 437 3714 quod
456 3660 525 3699 eane
542 3660 593 3714 per
607 3644 816 3700 distinctionem
830 3645 914 3717 vulgo
929 3645 1087 3701 adhibitam
1102 3663 1158 3701 non
1172 3646 1251 3714 licet3
1270 3649 1398 3718 graviore
1413 3648 1488 3703 enim

176 3723 368 3792 distinctione,
388 3741 473 3795 quam
492 3723 603 3780 Beklrer
622 3727 687 3780 ante
701 3722 808 3794 Ἴστρος
825 3725 929 3796 posuit,
948 3728 1090 3782 structure
1107 3727 1258 3782 manifesto
1276 3728 1407 3783 turbatur
1423 3729 1488 3783 sub-

176 3806 338 3876 iectumqne
351 3803 458 3874 Ἴστρος
476 3805 640 3875 praedicato
660 3805 791 3860 destituit
827 3851 831 3860 .

248 3889 293 3956 25)
315 3885 351 3940 ad
365 3885 650 3956 Dem.sr‚4s(130H
659 3885 673 3940 I
686 3905 712 3956 p.
724 3889 769 3957 11)
783 3884 916 3958 γαμηλία·
936 3886 953 3956 ἡ
968 3887 1008 3952 εἰς
1022 3889 1088 3951 τοὺς
1102 3887 1247 3958 φράτορας
1259 3889 1396 3960 ἐγγραφή·
1416 3890 1487 3946 ἔνιοι

174 3964 208 4021 δὲ
225 3965 278 4036 τὴν
296 3963 403 4022 θυσίαν
422 3965 493 4020 οὕτω
508 3967 579 4034 φασί
593 3965 725 4037 λέγεσθαι
743 3967 795 4037 τὴν
808 3968 879 4036 ὑπὲρ
898 3977 953 4023 τῶν
967 3965 1121 4037 μελλόντων
1136 3978 1234 4040 γαμεῖν
1249 3969 1400 4040 γινομένην
1415 3972 1485 4040 (cod.

174 4045 333 4118 ἡνωμένην)
343 4055 402 4110 τοῖς
416 4046 446 4101 ἐν
460 4051 498 4117 τῷ
512 4045 603 4120 δήμῳ·
619 4047 667 4102 καί
682 4043 758 4102 οὗτοι
770 4046 870 4119 ἤγοντο
880 4048 1132 4119 λαμπαδοδρομίαν
1146 4050 1197 4120 τὴν
1208 4049 1306 4119 ἑορτὴν
1320 4055 1358 4123 τῷ
1372 4071 1402 4106 τε
1411 4047 1486 4119 Προ-

174 4129 265 4196 μηθεῖ
277 4127 325 4180 καί
338 4130 377 4200 τῷ
389 4123 534 4200 Ἡφαίστῳ
549 4126 649 4198 καὶτῷ
664 4129 741 4184 Πανί
758 4137 858 4184 τοῦτον
873 4129 922 4184 τὸν
936 4127 1053 4197 τρόπον·
1073 4129 1101 4184 οί
1117 4131 1217 4202 ἔφηβοι
1231 4129 1416 4199 ἀλειψάμενοι
1429 4135 1483 4187 κτλ.

247 4209 292 4276 26)
312 4207 419 4276 optime
438 4205 467 4260 id
485 4205 543 4261 iam
556 4205 669 4278 lipsius
689 4209 790 4262 statuit
807 4209 837 4262 in
852 4208 942 4264 altera
957 4209 1126 4264 Sohtmnnni
1140 4209 1341 4279 antiquitatum
1361 4211 1486 4267 editione

174 4287 201 4342 11
218 4305 246 4358 p.
261 4292 323 4356 576,
334 4293 359 4356 4,
379 4287 428 4357 qni
447 4287 534 4356 igitur
551 4288 586 4342 de
604 4287 658 4342 hac
672 4305 702 4342 re
716 4289 820 4344 rectius
838 4289 964 4344 indicere
978 4290 1089 4346 videtur
1103 4308 1188 4359 quem
1201 4291 1325 4346 Bischoti
1342 4291 1371 4346 in
1387 4293 1485 4348 eodem

173 4367 247 4423 libro
288 4373 387 4422 ,6433
409 4411 414 4422 .

247 4386 293 4520 2ί)
311 4447 346 4502 of.
366 4387 416 4504 lb
434 4447 460 4502 ΙΙ
475 4454 526 4503 553
547 4448 661 4514 (Michel
682 4454 746 4516 136,
764 4449 889 4505 Dittenb.
910 4450 993 4523 Syll.¹
1009 4455 1070 4522 712)
1090 4469 1113 4505 ν.
1130 4458 1216 4522 seqq.
1236 4453 1265 4506 et
1283 4452 1432 4523 (Xenoph.)
1452 4455 1485 4509 dc

174 4547 230 4600 rep.
250 4531 348 4585 Athen.
365 4534 417 4596 3,4
436 4533 577 4602 (χορηγοῖς
595 4529 760 4584 διαδικάσαι
779 4530 820 4592 είς
838 4532 975 4588 Διονόσια
994 4533 1042 4586 καὶ
1064 4532 1207 4603 Θαργήλια
1226 4533 1274 4586 καί
1288 4531 1484 4600 Παναθήναια

174 4609 223 4664 καί
242 4608 397 4678 apostola
417 4609 464 4663 ταί
480 4606 634 4680 Ἡφαίστια
654 4608 706 4664 ὅσα
726 4611 792 4680 ἔτη),
811 4627 883 4679 quaa
906 4612 1069 4684 testimonia
1091 4612 1159 4666 olim
1182 4612 1234 4666 viri
1257 4612 1333 4668 docti
1356 4613 1484 4683 plerique

172 4688 246 4744 falso
265 4691 295 4743 in
314 4687 522 4744 dubitationem
541 4692 714 4744 vocaverant.
745 4689 873 4745 Ceterum
892 4691 945 4747 hoe
962 4693 1029 4746 enni
1043 4699 1094 4747 421
1115 4693 1236 4758 decreto,
1255 4694 1278 4747 si
1294 4694 1408 4762 quidem
1422 4695 1484 4748 tum

173 4769 287 4824 demum
306 4771 448 4825 certamen
468 4771 606 4825 musicum
623 4769 859 4840 Hephaestiornm
878 4771 1039 4827 institutum
1059 4789 1118 4827 esse
1136 4773 1195 4827 veri
1215 4772 1306 4828 simile
1325 4777 1380 4841 est,
1404 4775 1483 4827 aetas

172 4848 264 4904 libelli
283 4849 464 4919 Xenophonti
483 4851 583 4906 tributi
602 4851 761 4906 accuratius
781 4851 890 4906 deliniri
909 4853 1010 4923 potest.
