3450 5458
696 333 852 390 Armene
871 353 898 390 n.
914 339 955 391 28.
1435 333 1477 398 89

169 507 269 566 iussit.
315 506 380 565 Iam
403 507 460 566 hac
481 525 515 564 ex
539 508 624 584 parta
648 525 715 566 cum
738 507 845 564 merito
868 505 1064 565 Athenienses
1088 505 1134 565 dis
1158 503 1372 579 subvenissent,
1395 506 1484 565 simul

170 605 275 664 tamen
299 604 336 664 ab
359 606 407 680 iis,
430 606 481 682 qui
505 607 617 664 terram
635 603 764 663 fertilem
783 606 879 664 iacere
897 604 1042 664 incultam
1060 603 1272 680 improbarent,
1295 605 1327 663 id
1344 606 1483 682 rogatum

171 706 225 776 ast,
245 702 325 778 quod
346 705 445 779 ipsam
464 703 583 781 orgadis
601 702 776 780 religionem
795 705 932 780 tangeret
950 704 997 761 vel
1017 702 1090 762 adeo
1110 702 1308 762 submoveret:
1327 702 1483 762 locandam
1559 691 1562 696 ’

173 803 253 860 enim
286 803 465 862 censuerunt
496 804 549 860 aut
575 803 745 861 universam
773 801 914 878 orgadem
943 804 995 860 aut
1021 803 1122 877 partes
1151 799 1307 876 quasdam,
1339 800 1371 859 id
1404 801 1483 877 quod

170 901 251 959 inter
276 901 358 959 viros
385 899 487 960 doctor
517 899 687 978 ambigitur.
733 899 845 978 Agitur
871 899 907 957 de
935 899 1108 976 supplendis
1136 919 1163 958 v.
1186 893 1281 964 allae
1311 893 1377 978 τ[ὰ]
1406 897 1483 975 νῦ[ν

177 995 415 1078 .]νειργασμίνα.
457 999 587 1060 Foucart
610 1019 677 1060 eam
700 1002 780 1058 viam
803 1001 953 1076 ingressus
977 1000 1029 1072 est,
1054 1000 1087 1056 ut
1109 999 1268 1074 postquam
1292 999 1401 1056 statuit
1422 999 1483 1056 trs-

170 1097 236 1156 dita
259 1097 336 1156 nihil
360 1097 518 1157 admittere
541 1097 599 1158 nisi
623 1101 677 1158 aut
699 1095 912 1176 dvetoynope'va
935 1098 988 1156 aut
1010 1093 1231 1174 ἕνειργασμένα,
1256 1097 1396 1172 quoniam
1420 1116 1484 1155 ver-

171 1195 244 1254 bum
267 1191 462 1276 ἀνεργᾶζομαι
485 1196 615 1256 eiusdem
644 1195 869 1276 significationis
897 1197 987 1270 atque
1016 1193 1197 1254 adjectivum
1224 1190 1401 1273 ἀνέργαστος
1424 1215 1483 1255 non

172 1295 298 1367 extaret,
316 1293 504 1354 scribendum
518 1292 554 1354 τὰ
567 1289 640 1374 νῦ[ν
653 1290 876 1374 quamproprias
895 1292 1091 1353 concluderet.
1126 1292 1237 1352 Contra
1250 1293 1359 1368 reliqui
1373 1311 1483 1368 amase,

171 1411 240 1450 cum
268 1392 304 1451 de
332 1393 470 1452 universa
498 1393 608 1470 orgade
635 1393 763 1452 locanda
790 1394 840 1470 agi
868 1411 1038 1468 persuasum
1063 1391 1215 1465 haberent,
1243 1394 1296 1451 aut
1318 1411 1483 1468 proponere

171 1491 274 1549 conati
297 1491 367 1550 sunt
390 1490 561 1550 inauditum
584 1491 660 1552 illud
679 1487 892 1570 ἀνειργασμένα
913 1523 952 1531 -
972 1492 1017 1549 ita
1035 1490 1164 1551 Tsuntas
1188 1491 1219 1549 et
1236 1490 1346 1550 Michel
1368 1523 1404 1530 —-
1430 1492 1484 1549 aut

171 1589 334 1664 lapicidam
350 1581 379 1648 N
401 1607 456 1664 pro
472 1580 501 1649 Η
521 1589 660 1650 incidisse
679 1592 739 1650 rati
757 1583 821 1669 τ[ὰ]
845 1585 918 1664 νῦ[ν
937 1581 1022 1668 μ](ὴ)
1046 1584 1219 1668 εἰργασμένα
1238 1589 1421 1665 scripserunt
1444 1621 1479 1628 -—-

170 1689 216 1746 ita
244 1686 375 1747 Kochler
406 1706 493 1763 quem
526 1690 661 1764 sequitur
687 1687 907 1765 Dittenberger.
951 1687 994 1746 At
1020 1686 1159 1746 Koehleri
1188 1687 1299 1747 rationi
1326 1686 1481 1746 verborum

169 1788 306 1862 ipsorum
330 1785 492 1846 dictionem
511 1806 678 1866 repugnare
697 1806 807 1848 censeo.
845 1787 900 1846 His
920 1787 1008 1860 enim,
1032 1784 1179 1862 quidquid
1197 1785 1359 1862 supplebit,
1382 1787 1482 1862 partes

172 1883 317 1960 quasdam
342 1883 462 1962 orgadia
482 1877 531 1966 (τὰ
547 1918 587 1926 -
603 1894 655 1964 τῆς
679 1878 818 1965 ὀργάδας)
843 1885 901 1944 dici
924 1904 1009 1944 nemo
1034 1883 1138 1960 opinor
1162 1882 1292 1962 negabit.
1328 1884 1393 1942 Iam
1413 1904 1482 1944 vero

172 1984 225 2059 qui
249 1983 308 2041 fuit
330 1985 395 2041 tum
418 2002 515 2042 rerum
540 1982 657 2043 status?
680 1983 793 2044 inculta
816 1983 934 2042 iacebat
957 2002 991 2042 aa
1014 1985 1103 2055 terra,
1128 2002 1216 2057 quam
1240 1999 1341 2041 omnes
1360 1981 1482 2042 dearum

171 2099 286 2141 sacram
312 2099 375 2142 esse
398 2080 610 2157 concedebant,
639 2081 714 2142 alios
737 2084 839 2140 autem
860 2083 1015 2157 praeterea
1042 2099 1143 2158 agros,
1172 2099 1246 2156 quos
1275 2079 1400 2140 sublatis
1423 2083 1483 2139 ter-

172 2180 263 2238 minis
291 2179 404 2254 privati
431 2179 565 2239 homines
588 2181 680 2240 vicini
707 2181 769 2240 sive
792 2180 889 2239 Attici
915 2181 977 2240 sive
1001 2179 1187 2257 Megarenses
1220 2180 1281 2238 sive
1314 2178 1432 2255 utrique
1444 2171 1482 2258 1ιῖ)

172 2280 208 2336 ut
231 2295 299 2336 suos
324 2281 552 2353 occupaverant,
575 2299 607 2338 re
631 2299 701 2354 vera
724 2278 843 2356 orgadis
863 2297 924 2338 esse
947 2281 1047 2353 partes
1071 2276 1238 2336 sacerdotes
1256 2275 1482 2336 contendebant.

171 2376 324 2435 Partitiva
343 2374 438 2454 igitur
460 2375 515 2436 illa
542 2376 670 2437 dictione
695 2374 728 2438 ul
756 2409 790 2418 -
818 2385 871 2454 τῆς
894 2373 1019 2456 ὀργάδας
1042 2377 1095 2435 has
1118 2379 1219 2451 partes
1244 2394 1262 2433 a
1284 2377 1411 2452 privatis
1436 2393 1481 2433 oc·

171 2476 298 2550 cupatas
322 2473 382 2534 dici
404 2476 468 2534 veri
491 2475 627 2552 similius,
651 2495 743 2552 quam
761 2480 877 2552 partem
897 2475 1023 2534 alteram
1042 2477 1105 2534 aine
1124 2473 1215 2533 dubio
1233 2474 1321 2551 longe
1339 2475 1482 2532 maiorem

171 2591 206 2632 ac
230 2573 445 2642 continentem,
474 2593 549 2648 <puae
573 2576 684 2634 rectius
707 2577 773 2651 ipsa
796 2592 867 2633 voce
891 2569 979 2652 ὀργάς
1003 2573 1165 2649 significari
1187 2575 1314 2648 poterat.
1360 2571 1484 2630 Accedit

172 2671 252 2745 quod
275 2671 300 2728 si
324 2671 479 2732 scribimus
503 2669 618 2732 τὰνῦν
642 2671 681 2748 μὴ
706 2669 894 2752 εἰργασμένα,
922 2674 948 2730 si
972 2671 1111 2730 dicuntur
1134 2673 1200 2748 agri
1228 2668 1265 2728 ab
1289 2672 1482 2746 occupatione

170 2771 358 2844 privatorum
381 2771 505 2848 integri,
532 2771 718 2830 desideratur
745 2771 816 2846 qnid
839 2771 901 2831 illis
929 2769 993 2828 fieri
1020 2769 1181 2844 placuerit,
1209 2787 1282 2844 quos
1311 2770 1415 2828 corba
1437 2769 1482 2827 fas

170 2869 392 2943 occupaverant
418 2870 449 2927 et
471 2868 631 2928 coluerant.
677 2868 783 2945 Itaque
808 2888 875 2928 cum
906 2868 1053 2928 Foucarto
1086 2886 1134 2926 eos
1167 2885 1254 2945 agros
1285 2866 1352 2940 dici,
1386 2869 1437 2943 qui
1465 2886 1484 2926 a

173 2965 301 3042 privatis
334 2969 472 3042 occupati
503 2968 652 3027 culturam
679 2970 759 3044 passi
787 2969 886 3040 erant,
918 2957 1077 3046 censeo¹⁷),
1109 2965 1160 3024 aed
1188 2965 1329 3040 quoniam
1359 2965 1483 3025 verbum

169 3061 378 3142 ἐνεργάζεσθαι
391 3083 539 3140 nusquam
554 3068 700 3140 quantum
714 3065 799 3124 video
820 3065 856 3125 de
874 3084 947 3143 agro
966 3064 1088 3124 colendo
1104 3067 1273 3140 usurpatur,
1286 3065 1351 3140 ipse
1367 3082 1483 3140 quoque

171 3163 310 3238 quamvis
334 3164 446 3222 invitus
464 3163 621 3222 lectionem
639 3163 784 3224 traditam
803 3164 979 3224 mutandam
998 3161 1073 3222 duco
1092 3161 1340 3238 scribendumque
1358 3159 1393 3220 τὰ
1411 3157 1483 3236 vida

172 3253 446 3340 ἒ](π)ειργασμένα;
470 3260 592 3320 verbum
616 3261 694 3320 enim
717 3259 928 3342 ἐπεργάζεσθαι
951 3261 986 3320 de
1009 3263 1065 3320 hac
1083 3280 1115 3320 re
1134 3260 1275 3320 sollemne
1295 3262 1347 3320 est.
1355 3252 1394 3342 18)

263 3357 313 3417 Ita
339 3359 462 3435 publica
484 3361 527 3419 rei
550 3363 651 3438 gestae
674 3363 751 3420 ratio
775 3361 823 3420 vel
846 3363 908 3420 veri
932 3360 1059 3420 similior
1082 3361 1190 3418 existit.
1237 3359 1296 3417 Eos
1320 3361 1407 3432 enim,
1432 3361 1484 3435 qui

170 3457 330 3532 antiquam
350 3456 469 3534 orgadis
487 3458 663 3536 religionem
682 3460 814 3519 sterilem
828 3449 1092 3538 improbabantffl),
1112 3456 1189 3516 sicut
1202 3476 1261 3517 non
1275 3456 1410 3534 publicas
1428 3476 1483 3531 res,

169 3553 222 3612 sed
242 3557 375 3631 ipsarum
394 3555 516 3615 deamm
535 3555 658 3616 delubra
676 3557 811 3633 pecrmiis
825 3558 965 3616 redituris
980 3559 1080 3615 ornari
1094 3557 1256 3631 prudenter
1269 3553 1420 3630 iubebant,
1438 3558 1483 3614 ita

170 3672 230 3712 non
251 3655 354 3713 statim
373 3655 468 3712 totam
489 3657 608 3728 terram,
626 3655 678 3715 sed
696 3659 796 3732 partes
816 3656 959 3732 (puasdam
978 3653 1119 3714 locandas
1138 3656 1288 3732 rogavisse
1309 3655 1420 3730 optime
1438 3657 1482 3712 in·
1593 3737 1598 3744 .

174 3793 280 3800 .*---
311 3794 327 3799 ..

155 3875 243 3944 ‚mihi
261 3876 384 3942 videtur,
409 3877 452 3932 vel
471 3895 504 3933 eo
523 3882 649 3947 apparet,
669 3880 744 3947 quod
768 3897 835 3934 cura
853 3895 948 3934 eorum
968 3879 1053 3933 ctiam
1072 3879 1108 3932 ad
1128 3879 1176 3933 τὸν
1196 3879 1349 3950 στρατηγὸν
1368 3879 1417 3934 τὸν
1437 3878 1482 3932 ἐπὶ

170 3957 223 4026 τὴν
240 3957 370 4027 φυλακὴν
384 3965 433 4026 τῆς
452 3959 544 4029 χώρας
558 3961 618 4028 (Αν.
632 3955 688 4013 Ἀθ.
704 3963 771 4015 Πολ,
788 3963 832 4030 61)
851 3963 880 4014 et
900 3961 938 4014 ad,
955 3961 1020 4023 τοὺς
1038 3957 1261 4030 περιπολσὶρχοας
1279 3959 1411 4016 defertur.

245 4048 288 4115 le)
313 4046 403 4101 solum
427 4046 501 4101 enim
521 4046 728 4118 Megarensium
752 4050 898 4104 commodo
921 4050 1056 4104 terminos
1080 4049 1206 4104 sublatos
1231 4065 1292 4104 esse
1314 4066 1365 4104 nec
1384 4065 1436 4120 per
1453 4067 1482 4104 ee

171 4125 229 4180 veri
251 4125 342 4180 simile
361 4131 405 4181 est
423 4143 514 4196 neque
538 4127 628 4181 ullum
651 4129 681 4182 in
704 4129 766 4200 ipso
785 4129 870 4184 titulo
890 4132 966 4184 extat
985 4129 1133 4196 indicium,
1157 4129 1243 4183 immo
1266 4131 1420 4184 notandum
1440 4134 1483 4183 est

171 4207 207 4260 de
227 4205 437 4277 Megarensibus
461 4207 568 4261 nullam
591 4208 651 4262 fieri
670 4209 841 4265 mentionem
861 4213 889 4264 et
914 4227 973 4264 rem
997 4207 1038 4264 ita
1061 4211 1117 4279 agi,
1141 4209 1221 4279 quasi
1244 4209 1326 4264 unice
1350 4211 1386 4263 ad
1409 4209 1482 4264 cives

171 4286 322 4358 pertineat.

244 4370 288 4436 17)
311 4367 424 4423 interim
442 4368 512 4423 haec
531 4369 671 4424 sententia
690 4369 780 4425 verbis
795 4370 977 4426 Androtionis
992 4373 1059 4440 (not.
1072 4373 1116 4440 12)
1135 4371 1298 4426 continuata
1317 4374 1371 4437 eat;
1391 4387 1482 4438 neque

169 4446 247 4501 anim
266 4451 355 4502 totam
375 4448 516 4518 orgadem,
536 4450 584 4502 sed
604 4448 653 4513 τὰς
668 4449 796 4521 ἐσχατιὰς
815 4448 878 4505 ὅσαι
900 4445 968 4520 ἦσαν
985 4451 1055 4519 πρὸς
1073 4459 1117 4520 cpe
1137 4450 1236 4520 ὀργάδα
1254 4451 1289 4505 ab
1305 4451 1482 4505 Atheniensi-

171 4529 225 4582 bus
245 4531 358 4583 auctore
377 4527 509 4598 Apolline
529 4533 704 4585 consecratae
723 4547 783 4585 ease
803 4530 881 4586 dicit.

244 4611 288 4678 18)
308 4607 341 4662 cl.
357 4607 521 4664 testimonia
540 4611 597 4664 not.
613 4615 629 4663 8
648 4613 677 4665 et
696 4615 737 4665 10.
768 4611 897 4666 Ceterum
916 4612 1111 4683 apographum
1130 4611 1259 4666 Koehleri
1274 4631 1297 4666 v.
1314 4618 1348 4666 29
1368 4612 1482 4667 exhibet

172 4688 359 4742 ΙΕΙΡΙ.’ΜΕΝ
378 4688 407 4742 in
427 4690 529 4757 quibus
548 4689 661 4744 hastam
679 4693 791 4746 tenuem
811 4692 901 4761 primo
920 4692 981 4747 loco
1001 4691 1219 4762 significatame
1237 4693 1333 4748 littera
1349 4695 1370 4746 Ρ
1386 4709 1480 4762 super-

169 4784 232 4822 easa
247 4768 383 4834 conicias,
398 4785 465 4823 eane
476 4770 559 4825 Faue.
570 4771 669 4824 eodem
683 4769 744 4826 loco
755 4774 831 4826 tete
841 4772 920 4843 legit,
934 4776 967 4826 ut
981 4773 1058 4827 illiue
1072 4772 1192 4828 lectione
1204 4772 1259 4826 niti
1268 4791 1324 4828 non
1333 4773 1479 4843 possimus.

245 4859 289 4926 ie)
313 4855 456 4912 Eubulum
475 4858 585 4914 consilii
610 4863 753 4914 auctorem
776 4860 863 4916 luisse
881 4863 964 4916 Fouc.
985 4879 1035 4917 sno
1061 4861 1121 4916 iure
1145 4862 1275 4930 coniecit,
1293 4863 1399 4933 qnippe
1418 4880 1481 4916 cum

168 4935 252 4998 illum
271 4937 390 4997 maxime
409 4956 522 5016 operam
542 4939 661 5008 dedisse,
680 4945 713 4996 ut
731 4959 815 4998 novos
834 4943 875 4998 roi
894 4942 1025 5018 publicae
1038 4942 1146 5000 reditus
1161 4946 1343 5020 compararet,
1362 4945 1479 5000 constet.
