3434 5464
657 307 836 366 musices
855 328 882 366 n.
898 315 949 366 loa
1394 313 1458 390 371

95 472 101 566 j
148 479 310 540 traditione
333 497 433 539 eoram
455 477 562 540 oosmis
584 477 720 539 facienda
743 497 907 541 sermonem
930 499 993 542 esse
1016 480 1162 559 enepioor3
1187 500 1368 558 quamquam
1386 480 1460 542 κατά

149 596 216 639 enm
240 578 378 656 genetivo
400 579 446 638 ita
467 579 607 656 usurpari
628 577 771 654 exemplis
799 577 972 640 confirmare
995 597 1116 656 nequeo.
1162 581 1229 639 v.9
1257 575 1358 640 duosve
1385 580 1461 660 legit

148 675 196 752 fl.
218 674 328 736 reetius
351 675 458 753 opinor
480 675 574 736 Baun.
597 671 735 736 ἀνῶνατα
756 677 777 736 i.
791 695 815 735 e.
834 677 1010 752 europem.
1056 677 1082 737 B
1105 678 1173 736 v18
1201 697 1356 738 νυνιοιτοοιτ
1387 677 1460 756 qnid

80 731 99 850 l
149 773 254 848 nent,
278 772 448 846 obsonrnm3
472 772 668 834 audacissime
690 773 810 851 qriidem
834 777 864 834 et
886 774 1167 852 improbabilissima
1185 775 1281 835 Baun.
1299 775 1460 854 legendum

95 851 99 884 ¹
149 875 307 952 proposuit
328 870 418 931 κύνια
440 869 493 931 τόα
515 874 546 931 et
568 872 623 931 hoo
645 870 724 932 idem
747 873 847 932 valere
870 873 950 950 quod
978 873 1081 934 κύνεια
1104 874 1175 946 {ure
1197 873 1217 933 i.
1232 893 1256 932 e.
1275 872 1368 946 κύνας
1391 892 1460 934 eon·

95 945 100 1038 l
149 971 229 1030 ece.
276 969 308 1030 si
336 969 372 1029 de
401 971 510 1030 nature
536 969 643 1030 aaron
671 969 760 1030 nurus
783 989 874 1048 supra
896 973 976 1032 mee
999 971 1165 1048 nouae,
1194 970 1395 1032 anemone
1417 974 1462 1032 ru

95 1107 97 1112 -
150 1086 252 1129 saonae
276 1069 322 1128 vel
345 1069 459 1146 potius,
486 1087 553 1128 oum
576 1087 633 1130 vox
655 1069 735 1128 inter
761 1067 885 1150 ξύοτρας
908 1072 939 1129 et
965 1067 1082 1130 οιόιιονα
1105 1061 1178 1152 (vid.
1198 1074 1259 1130 not.
1274 1060 1309 1154 8)
1334 1070 1462 1149 legatur,

150 1165 315 1226 medicinae
341 1166 488 1226 dicuntur.
539 1165 588 1226 An
614 1185 670 1243 pro
698 1157 839 1228 ΑΤΟΑ
869 1167 1026 1246 legendum
1055 1157 1195 1229 ΑΤΘΑ
1219 1170 1279 1228 ie.
1297 1166 1400 1228 eodo?
1417 1201 1461 1211 -

150 1284 178 1324 r.
199 1265 218 1324 3
247 1265 274 1325 si
296 1283 354 1325 non
378 1263 470 1325 rerba
492 1283 568 1341 quae
591 1265 623 1323 in
646 1265 754 1327 laeana
777 1265 897 1342 desunt,
925 1267 958 1328 at
980 1267 1060 1328 oerte
1082 1285 1201 1327 sensum
1225 1285 1326 1326 eornm
1349 1267 1461 1344 optime

150 1361 238 1423 Blass
262 1363 306 1423 ita
328 1363 460 1423 refinxit:
487 1361 596 1422 πλίονα
618 1359 672 1440 μὲν
695 1361 786 1424 αἴκα
809 1367 858 1442 ser
880 1362 1062 1446 παρδιδόμεν
1085 1361 1187 1438 ἐξέστω
1209 1364 1276 1442 ἔοι,
1304 1363 1407 1442 μείονα
1426 1359 1462 1444 ,δὲ

95 1469 98 1476 ’
153 1459 202 1538 μή.
244 1481 271 1520 v.
293 1461 362 1520 oin.
386 1457 440 1520 τὰν
462 1454 639 1540 Wopkens
663 1459 801 1521 (ἵανιοὶνοιι1
823 1463 913 1522 facile
935 1462 1098 1541 suppletur.
1135 1461 1202 1524 Heu
1224 1464 1324 1523 aurem
1341 1461 1407 1522 loeo
1426 1461 1462 1522 de

151 1560 269 1620 ratione
292 1577 487 1637 expensarum
511 1558 696 1634 quarundam
720 1559 869 1620 reddenda
901 1563 951 1640 agi
977 1561 1186 1638 manifestum,
1218 1580 1272 1621 nea
1297 1563 1398 1620 umen
1427 1557 1463 1620 de

153 1657 266 1718 eunetis
286 1656 399 1718 aeditui
418 1660 471 1719 ant
489 1656 563 1716 adeo
581 1657 687 1735 templi
706 1658 841 1736 expensis
859 1659 969 1738 agitur,
987 1659 1078 1720 immo
1091 1659 1233 1720 universa
1245 1658 1330 1720 tituli
1347 1659 1463 1719 ratione

97 1765 100 1770 '
152 1755 340 1815 considerate
363 1757 406 1816 sio
429 1756 465 1815 de
489 1773 602 1815 conexu
625 1756 776 1817 existimo:
809 1775 876 1817 oum
904 1777 961 1819 usn
984 1757 1135 1818 cotidiano
1158 1757 1247 1818 facile
1268 1755 1332 1818 fien'
1354 1759 1463 1836 posset,

93 1865 99 1922 ‚⁶
151 1857 187 1914 ut
208 1853 408 1914 instrumenta
435 1873 525 1932 snpra
552 1855 686 1914 indicata
712 1853 854 1915 damnum
878 1857 1023 1930 inessent,
1053 1855 1191 1916 aedituus
1214 1855 1246 1916 id
1268 1855 1373 1916 statim
1396 1873 1462 1916 sna·

91 1953 95 2032 j
151 1972 210 2029 qne
238 1953 344 2030 sponte
364 1972 379 2013 e
402 1953 449 2013 dei
477 1953 579 2013 reditu
603 1945 648 2034 (ἐς
673 1957 877 2014 revadiare
904 1946 1089 2036 προσοόίων)
1115 1972 1255 2032 reparare
1282 1955 1403 2032 poterat
1429 1971 1465 2012 ao

153 2049 292 2128 debebat,
325 2071 361 2112 ea
392 2052 534 2112 nimirum
561 2048 747 2112 condicione
761 2054 798 2110 ut
823 2054 929 2129 postea
956 2053 1062 2112 talium
1090 2069 1285 2130 expensarum
1316 2053 1464 2111 rationem

91 2155 94 2179 ³
151 2147 297 2209 redderet.
780 2201 789 2220 ,

90 2311 93 2319 ,
242 2247 430 2324 Asclepieum
450 2245 586 2307 Lebenae
610 2247 883 2325 frequentissimum
903 2249 994 2309 fnisse
1016 2250 1148 2309 testatur
1164 2247 1304 2309 Philostr.
1314 2247 1350 2307 V.
1364 2247 1465 2324 Apoll.

90 2323 93 2345 Ι
151 2345 196 2405 IV
213 2345 254 2405 34
280 2365 310 2422 p.
327 2349 367 2406 79
396 2342 547 2424 ἐπορεύθη
575 2342 624 2406 sel
652 2343 682 2419 ἐς
709 2343 740 2406 τὸ
774 2344 853 2426 ἱερὸν
875 2344 907 2407 ’τὸ
930 2347 1116 2426 Λεβηναῖον·
1148 2344 1208 2407 ἔστι
1231 2341 1262 2407 δὲ
1287 2339 1465 2423 Ἀσκληπιοῦ

92 2441 96 2488 ’1
152 2441 202 2503 καὶ
230 2441 327 2525 ὥσπερ
355 2435 477 2522 illidio
504 2441 534 2516 ἐς
562 2442 593 2505 τὸ
619 2442 787 2525 Πέργαμον,
815 2443 909 2516 οὕτως
937 2441 967 2518 ἐς
989 2443 1021 2506 τὸ
1049 2443 1129 2524 ἱερὸν
1151 2452 1239 2506 τοῦτο
1262 2437 1464 2523 ξυνεφοίταὴ

92 2545 95 2598 7
152 2540 268 2623 Κρήτη,
290 2539 394 2602 πολλοὶ
416 2539 448 2603 δὲ
472 2538 521 2602 sel
539 2539 670 2622 Λιβύων
692 2541 722 2616 ἐς
744 2541 817 2604 αὐτό
840 2551 1039 2622 περαιοῦνται.
1080 2541 1251 2620 EGyrena,
1273 2560 1334 2621 quo
1353 2541 1465 2602 Aeson-

153 2639 253 2717 lapius
276 2639 429 2716 Epidauro
452 2645 585 2716 venerat,
608 2641 721 2701 cultum
743 2640 931 2708 Lebenaenm
955 2639 1116 2701 deductum
1134 2659 1198 2702 esse
1221 2640 1308 2701 Pans.
1327 2639 1359 2700 H
1379 2640 1464 2714 26‚9

152 2737 256 2814 tradit,
279 2738 329 2798 sed
352 2741 515 2817 posteriore
539 2743 617 2800 oerle
640 2741 740 2800 aetate
764 2757 830 2798 enm
854 2759 889 2798 ex
911 2739 978 2818 ipso
1003 2739 1155 2816 Epidauro
1178 2741 1380 2800 instauratum
1404 2754 1466 2798 esse

91 2816 94 2833 ⁵
154 2835 269 2896 duobus
291 2835 399 2912 titulis,
422 2856 548 2914 quorum
572 2840 685 2898 reetam
706 2838 985 2914 interpretationem
1006 2831 1218 2917 Zingerleio¹¹)
1242 2836 1391 2910 debemus,
1415 2854 1466 2912 ap·

90 2984 93 2994 .
153 2937 253 3011 paret:
282 2953 349 2994 enm
377 2937 593 3014 epigrammate
620 2934 803 2997 dedicatorio
828 2928 996 3018 Soareliifl)
1023 2939 1088 2996 tum
1116 2935 1285 3014 fragmento
1313 2933 1467 2995 oniusdsur

92 3016 94 3035 ¹
156 3024 323 3114 decreti¹⁸),
342 3033 393 3092 ubi
412 3053 438 3092 v.
456 3034 528 3109 θος.
549 3033 584 3093 de
603 3033 774 3110 Aesculapii
795 3034 833 3094 ad
846 3033 1016 3095 Lebenaeos
1035 3033 1167 3094 adventu
1185 3025 1336 3115 agitur.¹⁴)
1372 3030 1467 3092 Panlo

92 3117 97 3134 ’
156 3149 248 3208 supra
271 3131 301 3190 in
326 3130 429 3191 eodem
452 3133 543 3192 titulo
566 3131 612 3191 lex
636 3151 721 3192 saera
744 3133 870 3210 antiqua
888 3131 1109 3194 Lebenaeornm
1133 3133 1381 3193 commemoratur
1399 3149 1466 3209 gre·

155 3230 288 3304 sissima,
311 3247 401 3306 quam
425 3229 480 3290 hoo
502 3230 568 3291 loeo
592 3229 697 3291 afferre
720 3229 823 3291 lieeat:

544 3343 603 3425 ὅπη
627 3345 658 3407 οἰ
679 3347 847 3426 Λεβηναῖοι
869 3343 911 3407 ἔτι
933 3345 983 3407 καὶ
1006 3355 1063 3408 νῦν
1086 3340 1195 3427 driost-

431 3466 459 3505 τι
482 3436 615 3528 κ](α)τὸς
638 3441 758 3526 ἆρχαίος
779 3443 871 3523 νόμος
891 3436 1046 3525 ligeionim

397 3536 502 3624 ὃμὲν]
525 3547 636 3623 χοῖρον,
660 3541 802 3622 Νύνφαις
826 3539 857 3604 δὲ
880 3539 994 3622 ἔριφον.

162 3656 370 3736 eolligendum
392 3658 520 3734 ridetur,
543 3679 602 3737 quo
624 3660 690 3721 loeo
713 3659 911 3737 Aesculapius
934 3678 1019 3720 saera
1041 3679 1095 3721 sna
1118 3660 1261 3734 instituit,
1283 3677 1318 3720 eo
1340 3657 1470 3736 antiqni-

157 3760 207 3815 tns
229 3755 353 3817 Aeheloi
376 3761 406 3818 et
428 3757 636 3836 Nympharum
660 3759 774 3820 onltnm
796 3757 937 3819 floruisse.

157 3945 356 4001 ‘Holsoorrot’
395 3945 450 4002 Sed
477 3945 616 4017 ψάφιμμα
642 3964 699 4002 non
726 3964 742 4002 e
768 3947 904 4018 ψάφιομα
934 3947 984 4001 sed
1012 3963 1027 4002 e
1054 3945 1192 4017 ψάφωμα
1219 3947 1320 4002 ortum.
1366 3943 1469 4001 Forma

156 4023 256 4096 νόρμοι
278 4043 329 4097 pro
348 4023 447 4096 κόσμοι
467 4031 544 4082 oerta
562 4031 675 4083 estnec
693 4028 752 4083 iam
770 4027 904 4100 exemplis
924 4043 987 4082 eam
1004 4027 1116 4082 firmare
1135 4043 1205 4097 opus
1223 4029 1275 4082 est.

230 4108 273 4176 11)
301 4106 337 4161 of.
356 4123 429 4176 qnae
453 4107 489 4162 de
511 4107 547 4163 iis
570 4108 727 4180 disputavit
745 4109 830 4164 MAI
843 4107 908 4163 XXI
925 4126 953 4180 p.
969 4113 1084 4178 seseq„
1107 4122 1180 4176 qnae
1198 4105 1280 4160 Blaes
1304 4122 1367 4162 enm
1391 4103 1468 4176 apud

156 4185 316 4242 Collitainm
336 4202 382 4241 eos
402 4187 494 4243 denno
513 4188 617 4254 ederet,
636 4189 730 4245 neseio
749 4205 806 4260 qna
825 4205 911 4244 eausa
928 4187 1062 4260 neglexit.

29 4319 40 4344 .÷
89 4261 93 4271 ’
229 4269 273 4337 12)
301 4266 344 4321 ed.
360 4265 500 4322 Halbherr
519 4269 595 4324 Μνο.
610 4271 669 4325 ital.
684 4267 723 4324 ΠΙ
740 4287 768 4341 p.
785 4274 893 4338 lateo„
911 4267 961 4324 Tb.
976 4265 1111 4323 Baunaok
1132 4267 1293 4339 Philologus
1310 4265 1345 4320 11.
1363 4283 1390 4336 p.
1406 4269 1468 4332 1178,

34 4361 41 4370 ·
90 4367 93 4374 ·
156 4347 237 4402 Blass
256 4347 372 4403 SGDI
386 4352 466 4417 5088,
484 4347 585 4404 melius
604 4348 734 4421 Zingerle
753 4351 769 4406 l.
785 4367 807 4406 o.

88 4445 92 4452 ·
229 4430 274 4498 11)
302 4427 345 4483 ed.
365 4426 506 4484 Halbherr
525 4431 601 4486 Mur.
616 4431 675 4486 ital.
694 4429 733 4485 111
751 4450 778 4502 p.
795 4435 927 4500 lsleqq„
950 4429 1029 4485 onius
1052 4427 1249 4501 apographum
1272 4428 1404 4483 aoonmte
1425 4441 1469 4482 re·

38 4561 45 4575 ,
85 4515 88 4520 “
155 4507 259 4580 petivit
279 4507 416 4578 Zingerle.

42 4591 45 4596 '
229 4589 274 4658 14)
301 4585 344 4642 ὅτι
368 4587 383 4644 d
410 4586 594 4663 ᾌ[οιία]πιὸς
616 4590 645 4656 ἐξ
665 4587 840 4660 ’ὣνιδαύρον
866 4591 894 4654 ἐς
916 4590 1108 4664 Aedesio...]
1131 4587 1394 4662 dae[ada]d[opr]]ae;
1422 4602 1470 4642 ex-

58 4646 59 4649 ¹
155 4670 278 4724 tremum
297 4669 413 4724 verbnm
432 4669 459 4724 z.
479 4669 594 4742 egregio
618 4669 748 4726 aonmine
769 4671 909 4738 melitum
932 4670 1035 4726 laeana
1058 4685 1131 4740 qnae
1154 4669 1298 4725 anteoedit
1319 4666 1412 4734 fenile,
1438 4667 1469 4722 ni

155 4749 252 4817 fallor,
277 4749 426 4822 suppletur
448 4750 596 4807 seribendo
620 4753 649 4814 ἐς
666 4749 864 4826 Λεβηνῂιίοςῂ
884 4744 919 4808 cf.
938 4757 995 4806 aa
1018 4767 1103 4821 quem
1125 4750 1154 4806 in
1172 4751 1253 4805 textu
1271 4747 1413 4820 mamper.
1434 4779 1468 4789 -

88 4905 92 4916 Ι
155 4829 287 4967 aazia&
301 4831 482 4970 iffi&
497 4847 615 4901 suoram,
634 4833 667 4888 nt
683 4832 833 4889 ridebatur
846 4831 1024 4900 Halbherrio,
1042 4831 1087 4900 iia,
1106 4847 1179 4902 qnae
1194 4828 1322 4901 Zingerle
1341 4828 1469 4900 disputa-
