3450 5458
641 313 795 369 ATTIOAE
814 331 840 368 n.
857 319 921 368 ssa.
942 319 999 368 eso
1406 318 1467 381 111

252 483 335 554 Quae
356 484 413 552 hoe
436 487 466 544 et
488 483 656 560 insequenti
678 483 769 542 titulo
793 483 829 542 de
852 483 1000 544 veteribus
1024 485 1155 545 donariis
1174 486 1221 545 vel
1239 486 1403 547 reficiendis
1422 487 1469 547 vel

159 585 193 644 in
216 601 304 643 usum
328 601 473 642 uovorum
496 581 658 642 conflandis
681 583 915 660 praecipiuntur,
938 602 974 642 ea
992 582 1030 642 ed
1048 602 1112 642 rem
1129 585 1280 660 pertinent
1297 586 1329 644 in
1350 587 1470 662 templis

159 683 337 758 praesertim
361 679 527 742 celebribus
549 679 630 740 haud
649 698 716 739 raro
736 683 941 757 necessariam,
965 681 1043 742 unde
1063 685 1154 742 etiam
1173 703 1200 741 ν.
1216 685 1267 758 31,
1287 703 1470 760 quamquam

158 780 238 840 nihil
265 778 395 840 adfuisse
428 780 511 838 aurei
538 779 699 839 laterculus
727 779 919 839 donariorum
952 779 1126 841 subiunctus
1158 782 1302 856 ostendit,
1335 782 1471 842 sollemni

159 883 262 937 temen
295 877 425 937 formula
454 876 485 938 εἴ
507 899 535 937 τι
561 872 630 937 ίίλλο
659 874 737 936 ἐστὶν
764 873 957 958 ἀργυροῦυῆ
984 887 1114 959 χρυσοῦν
1142 880 1265 954 dieitur,
1297 883 1332 938 ut
1359 882 1470 956 optime

160 977 281 1036 monuit
306 975 485 1036 Hirschfeld.
530 975 728 1035 Notissimum
761 975 796 1034 de
828 977 883 1036 bac
911 995 941 1036 re
970 976 1120 1037 decretum
1147 979 1267 1056 rogavit
1295 978 1471 1054 Androtion,

160 1075 198 1135 de
226 1094 284 1151 quo
308 1074 522 1134 Demosthenes
545 1073 631 1132 XXII
652 1075 693 1134 70
717 1072 816 1162 τρήσας
840 1065 868 1132 δ’
890 1073 1029 1154 ἀπορρεῖν
1051 1073 1086 1135 τὰ
1114 1075 1211 1154 φύλλα
1234 1085 1293 1136 τῶν
1316 1075 1471 1155 στεφάνων

159 1170 212 1233 καλ
235 1171 368 1254 σαπροὺς
391 1165 466 1233 εἶναι
490 1170 539 1232 διὰ
562 1170 613 1233 τὸν
636 1172 743 1251 χρόνον
766 1171 861 1252 ὥσπερ
885 1173 940 1233 ἴων
964 1169 983 1252 ἢ
1006 1172 1104 1254 ῥόδων
1128 1171 1225 1252 ὄντας,
1248 1169 1311 1234 ἀλλ’
1337 1173 1374 1235 οῦ
1401 1197 1469 1254 χρυ-

160 1271 240 1350 σίου,
264 1271 460 1352 συγχωνεύειν
479 1269 592 1331 ἔπεισεν
610 1274 668 1331 κτλ.
706 1271 931 1346 Amplissimum
955 1275 1055 1331 autem
1079 1275 1109 1330 et
1132 1273 1389 1333 accuratissimum
1408 1274 1471 1333 eius

160 1373 278 1449 generis
306 1371 473 1447 exemplum
501 1369 638 1446 idemque
664 1370 712 1428 his
740 1368 854 1429 duobus
881 1370 979 1431 titulis
1006 1371 1192 1430 simillimum
1221 1375 1266 1431 est
1293 1369 1471 1449 Oropiorum

160 1469 199 1528 de
221 1467 419 1545 Amphiareio
450 1468 601 1528 decretum
624 1488 652 1526 u.
673 1469 723 1526 67.
772 1467 907 1527 Ceterum
936 1469 1038 1528 eodem
1061 1469 1122 1529 fere
1145 1471 1286 1546 tempore,
1316 1489 1376 1546 quo
1398 1470 1471 1529 haec

160 1567 198 1628 de
225 1567 332 1628 Herois
360 1566 468 1627 Medici
496 1565 627 1626 donariis
660 1565 778 1626 decreta
810 1570 893 1641 sunt,
926 1567 1017 1626 etiam
1037 1568 1085 1626 de
1113 1568 1268 1645 Asclepieo
1296 1568 1472 1629 Atheniensi

160 1665 349 1726 simillimum
376 1665 529 1726 decretum
552 1665 666 1724 factum
689 1683 752 1725 esse
780 1665 919 1740 rationes,
950 1685 1026 1742 quae
1049 1666 1130 1726 solae
1159 1686 1194 1726 ex
1216 1668 1273 1727 hac
1296 1667 1417 1743 quidem
1440 1687 1471 1727 re

160 1767 338 1841 supersunt,
366 1764 527 1823 ostendunt
556 1761 634 1824 cIA
657 1762 687 1822 Π
711 1764 774 1822 839
804 1754 927 1844 (llichel
952 1762 1030 1842 823)
1059 1761 1104 1824 ἐπὶ
1132 1762 1292 1837 Διοκλέους
1319 1761 1472 1845 ίλρχοντος·

161 1865 420 1942 Σκιροφοριῶνος·
450 1860 536 1941 λόγος
562 1869 621 1920 τῶν
648 1857 827 1939 αἱρεθέντων
854 1858 913 1922 ὑπὸ
941 1871 994 1921 τοῦ
1018 1861 1115 1940 δήμου
1144 1860 1192 1922 έπλ
1218 1861 1273 1942 τὴν
1296 1864 1472 1944 καθαίρεσιν

160 1958 213 2020 καὶ
236 1957 291 2038 τὴν
313 1959 498 2037 κατασκευὴν
520 1967 579 2019 τῶν
602 1956 634 2019 ἐν
656 1967 709 2018 τῶι
729 1951 944 2037 Ἀσκληπιείων·
969 1959 1037 2020 τάδε
1060 1958 1225 2042 καθειρέθη
1249 1959 1395 2041 παρόντος
1419 1970 1471 2023 τοῦ

161 2055 261 2138 ἱερέας
280 2065 332 2119 τοῦ
348 2051 528 2135 Ἀσκληπιοῦ
542 2054 716 2136 Εὐστράτου
734 2056 859 2118 Οἰυαίου
877 2054 927 2117 καὶ
945 2055 1180 2138 τῶνείρημένων
1195 2057 1242 2120 έπλ
1261 2058 1315 2138 τὴν
1331 2059 1472 2140 καθαίρε-

160 2173 212 2218 σιν
229 2153 280 2216 nal
303 2155 358 2235 τὴν
375 2154 560 2234 κατασκευὴν
578 2152 651 2215 κατὰ
674 2152 705 2216 τὸ
729 2155 873 2234 ψήφισμα
892 2151 908 2216 ὃ
930 2158 1080 2230 Τελεσῖνος
1095 2149 1226 2237 Ἐρχιεὺς
1244 2149 1317 2218 είπε·
1338 2151 1399 2239 [ἐκ]
1419 2166 1472 2219 τοῦ

161 2253 261 2334 δήμου
285 2253 461 2335 Νικομάχου
485 2250 669 2332 Παιανιέως,
692 2253 831 2314 Γλαύκου
851 2245 1060 2333 Ῥαμνουσίου,
1083 2254 1130 2316 et
1145 2288 1189 2297 --
1211 2288 1255 2298 -
1269 2278 1306 2317 ου
1333 2255 1470 2317 Ολναίου·

160 2352 194 2428 ἐξ
213 2346 430 2435 Ἀρεοπαγιτῶν
450 2345 602 2426 Ὀποίανος
627 2349 795 2433 Φαληρέως,
822 2346 996 2433 Θεόγνιδο[ς
1014 2349 1299 2435 Κυδαθη]ν[α]ιίας
1317 2351 1367 2414 καλ
1387 2371 1472 2435 στρα-

50 2485 61 2502 ·
160 2461 256 2533 τηγοῦ
279 2460 332 2512 τοῦ
355 2449 404 2512 ἕπλ
427 2451 481 2531 τὴν
504 2449 695 2532 παρασκευὴν
715 2444 868 2530 Ἀριστ[·-
891 2483 932 2492 -
954 2443 1152 2531 Ἐλευ]σινίου
1175 2449 1225 2511 καλ
1249 2452 1396 2531 δημοσίου
1419 2460 1472 2513 τοῦ

160 2548 422 2632 ἀπογραψαμένου
450 2545 638 2630 Δημ[ητρίου
665 2557 718 2610 τοῦ
745 2544 915 2630 νεατ]ε’ρου·
944 2547 1012 2609 τάδε
1039 2546 1204 2628 καθειρέθη
1232 2553 1291 2610 κτλ.
1336 2551 1472 2628 Denique

160 2653 267 2709 extant
299 2650 416 2727 aliquot
446 2649 617 2726 fragmenta
644 2648 747 2708 Attica
773 2647 854 2706 haud
882 2646 970 2706 dubie
1000 2646 1102 2707 eodem
1130 2647 1297 2725 spectantia
1325 2640 1419 2731 (ola
1442 2649 1473 2708 ΙΙ

160 2749 237 2808 405.
262 2739 464 2829 ees—840),
490 2767 566 2824 quae
589 2751 690 2806 tamen
714 2745 876 2806 exscribere
899 2764 1007 2822 operae
1030 2765 1090 2805 non
1113 2750 1159 2806 est
1181 2748 1320 2823 pretium.

252 2876 280 2915 v.
302 2859 340 2915 17
366 2851 414 2935 έ]κ
437 2863 496 2915 τῶν
513 2853 628 2915 τῦιτωνι
652 2855 683 2912 in
707 2853 897 2916 donariorum
921 2853 1065 2913 laterculo
1089 2854 1222 2913 membra
1244 2872 1263 2912 a
1285 2855 1399 2916 sanatis
1423 2854 1472 2914 de-

159 2954 263 3014 dicata
286 2955 370 3014 velut
391 2952 463 3034 χείρ,
485 2949 641 3031 ὀφθαλμοί
663 2952 699 3011 ab
722 2953 783 3012 illis
806 2952 1021 3028 discernuntur,
1044 2953 1152 3012 iterum
1171 2953 1203 3011 in
1221 2953 1386 3013 rationibus
1405 2973 1472 3013 cum

159 3053 307 3130 scriptum
330 3053 371 3112 sit
393 3073 419 3112 v.
436 3055 478 3112 80
501 3048 646 3132 ἀργυρίου
669 3048 800 3131 δραχμὰς
819 3041 984 3110 Avi-ii·
1008 3049 1110 3110 τύπων
1133 3045 1205 3129 ὁλκὴ
1231 3042 1358 3111 ΗΔΠΙ·
1378 3051 1471 3130 φιάλη

160 3148 236 3228 ὁλκή
266 3143 309 3211 Η’
338 3150 511 3228 κεφάλαιον·
542 3140 845 3223 ΗΗΔΔΔΗ·Η·,
871 3147 946 3208 illud
974 3146 1076 3210 τύπων
1103 3148 1218 3225 pondus
1242 3149 1333 3210 etiam
1356 3169 1472 3228 manus,

160 3250 265 3311 oculos
293 3252 347 3310 etc.
372 3247 608 3326 comprehendit,
637 3247 726 3307 simul
752 3247 864 3327 singuli
892 3245 979 3307 τύποι
1003 3249 1076 3307 satis
1099 3267 1192 3324 parvo
1221 3248 1350 3325 pondere
1379 3250 1471 3310 fuisse

160 3352 337 3428 arguuntur.
374 3347 443 3407 Non
465 3347 559 3426 igitur
580 3346 661 3405 iusta
683 3345 825 3419 membra,
848 3343 899 3404 sed
922 3345 1050 3406 laminas
1074 3348 1229 3424 argenteas
1253 3346 1358 3426 figuris
1381 3367 1471 3407 mern·

159 3447 284 3506 brorum
305 3445 494 3523 potissimum
516 3447 676 3522 impressas
698 3443 759 3503 dici
781 3443 846 3503 veri
868 3443 963 3502 simile
987 3447 1039 3503 est.

252 3574 280 3615 v.
301 3555 342 3613 25
375 3549 494 3614 ἑλέσθαι
519 3585 561 3594 -
585 3585 627 3594 -
651 3550 707 3612 δύο
730 3547 784 3628 μέν
807 3547 918 3630 ἄνδρας
945 3548 974 3622 ἐξ
995 3543 1124 3631 idpsum,
1151 3555 1228 3630 τρεῖς
1251 3548 1284 3612 δὲ
1307 3549 1336 3624 ἐξ
1359 3549 1473 3612 ἑαυτῶν

161 3651 269 3724 οἵτινες
293 3651 363 3730 μετά
385 3672 415 3710 τε
437 3658 491 3711 τοῦ
514 3647 613 3732 ἱερέως
635 3647 761 3710 καὶτοῦ
784 3657 946 3730 στρατηγοῦ
969 3653 1041 3709 κτλε
1070 3649 1105 3711 cf,
1129 3649 1176 3708 tit.
1199 3651 1292 3726 inseq.
1316 3669 1343 3710 v.
1364 3654 1472 3728 9sqq.;

161 3751 316 3811 simillime
348 3747 441 3826 Oropi
476 3751 596 3826 praeter
632 3749 827 3828 magistratus
860 3765 959 3808 sacros
994 3748 1045 3824 qui
1078 3747 1206 3828 ἱερολρχαι
1239 3752 1386 3808 vocantur
1421 3747 1471 3808 do·

161 3850 255 3908 nemis
287 3847 452 3908 reficiendis
485 3847 684 3906 conflandisve
721 3849 752 3906 et
782 3849 842 3905 tres
875 3847 953 3905 cives
986 3849 1016 3904 ei
1048 3843 1229 3928 πολέμαρχος
1265 3849 1296 3906 et
1331 3845 1472 3907 κατόπται

160 3949 327 4022 intersunt,
359 3963 413 4005 uec
439 3947 550 4005 mirum
578 3948 623 4005 est
652 3945 806 4024 negotium
837 3944 968 4004 invidiae
997 3947 1027 4004 et
1054 3945 1232 4020 suspicionis
1263 3945 1385 4023 plenum
1412 3964 1472 4004 non

161 4042 366 4106 sacerdotibus
403 4044 512 4118 solum,
548 4042 600 4102 sed
631 4043 833 4121 compluribus
865 4042 938 4102 viris
973 4043 1118 4120 probatae
1150 4045 1248 4102 famae
1281 4046 1311 4103 et
1343 4043 1472 4104 auctori·

161 4144 236 4204 fatie
259 4143 449 4203 commissum
473 4160 543 4201 esse.
588 4142 688 4218 Atque
711 4143 803 4202 etiam
826 4140 928 4202 eadem
952 4160 987 4200 ex
1010 4141 1127 4200 ratione
1150 4139 1295 4222 δημόσιον
1317 4141 1369 4203 τὸν
1392 4139 1472 4201 οἰντι-

160 4240 355 4322 γραψόμενον
384 4243 517 4300 creatum
548 4258 610 4300 esse
639 4239 757 4300 collatis
784 4239 835 4314 iis,
868 4259 944 4316 quae
977 4240 1190 4300 Demosthenes
1222 4240 1258 4299 de
1286 4239 1472 4300 Androtione

163 4341 314 4417 queritur,
337 4337 508 4398 Hirschfeld
531 4341 640 4398 monet.

253 4468 280 4508 v.
300 4448 342 4506 46
367 4443 554 4526 ίιρεστήριονε
577 4445 614 4505 de
636 4446 692 4506 hoe
716 4443 853 4505 sacrificii
875 4465 981 4523 genere
1005 4444 1073 4506 vide
1097 4463 1175 4522 quae
1199 4446 1236 4505 ad
1259 4466 1287 4504 u.
1308 4447 1350 4506 32
1372 4445 1472 4506 attrffi.

251 4688 327 4744 881).
351 4687 461 4743 Tebnle
479 4687 625 4742 marmoris
639 4687 777 4744 Pentelici
796 4704 881 4758 supra
899 4687 999 4756 fracta,
1018 4704 1075 4742 una
1094 4706 1157 4744 oum
1175 4687 1260 4744 titulo
1274 4687 1416 4758 superiore
1430 4686 1472 4742 in·

163 4773 253 4825 senta.
292 4768 363 4824 Edd.
382 4767 544 4823 Hirschfeld
567 4769 682 4824 Hermes
700 4767 764 4823 VIII
785 4788 812 4839 p.
833 4773 899 4836 369,
922 4769 1081 4824 accuratius
1104 4772 1134 4825 et
1155 4769 1267 4839 plenius
1290 4768 1472 4823 Kumanudes

161 4847 312 4988 ξήνώριχρκ
332 4855 402 4905 1874
419 4867 446 4920 p.
462 4854 515 4904 264
525 4866 595 4918 sqq,
614 4848 735 4904 Koehler
753 4851 775 4905 I
777 4849 803 4905 G
820 4849 846 4903 11
864 4854 917 4904 404
936 4850 1100 4920 apographo
1119 4851 1148 4904 et
1166 4853 1267 4920 ectypo
1285 4866 1352 4904 usus
1371 4865 1472 4920 parum
