<?xml version="1.0" encoding="UTF-8"?>
<!DOCTYPE html PUBLIC "-//W3C//DTD XHTML 1.0 Transitional//EN"
    "http://www.w3.org/TR/xhtml1/DTD/xhtml1-transitional.dtd">
<html xmlns="http://www.w3.org/1999/xhtml" xml:lang="en" lang="en">
 <head>
  <title>
</title>
<meta http-equiv="Content-Type" content="text/html;charset=utf-8" />
  <meta name='ocr-system' content='tesseract 3.04.00' />
  <meta name='ocr-capabilities' content='ocr_page ocr_carea ocr_par ocr_line ocrx_word'/>
</head>
<body>
  <div class='ocr_page' id='page_1' title='image "./legesgraecorums00ziehgoog_0243.png"; bbox 0 0 3424 5462; ppageno 0'>
   <div class='ocr_carea' id='block_1_1' title="bbox 265 292 1058 358">
    <p class='ocr_par' dir='ltr' id='par_1_1' title="bbox 265 292 1058 358">
     <span class='ocr_line' id='line_1_1' title="bbox 265 292 1058 358; baseline -0.011 -2"><span class='ocrx_word' id='word_1_1' title='bbox 265 292 332 358; x_wconf 84' lang='lat'><strong>230</strong></span> <span class='ocrx_word' id='word_1_2' title='bbox 784 293 898 348; x_wconf 75' lang='lat' dir='ltr'><strong>tasas</strong></span> <span class='ocrx_word' id='word_1_3' title='bbox 918 293 1058 349; x_wconf 71' lang='lat' dir='ltr'><strong>secata</strong></span> 
     </span>
    </p>
   </div>
   <div class='ocr_carea' id='block_1_2' title="bbox 264 461 1579 740">
    <p class='ocr_par' dir='ltr' id='par_1_2' title="bbox 264 461 1579 740">
     <span class='ocr_line' id='line_1_2' title="bbox 352 461 1577 542; baseline 0.003 -22"><span class='ocrx_word' id='word_1_4' title='bbox 352 461 415 521; x_wconf 89' lang='lat' dir='ltr'><strong>Lex</strong></span> <span class='ocrx_word' id='word_1_5' title='bbox 438 464 483 521; x_wconf 88' lang='lat' dir='ltr'><strong>est</strong></span> <span class='ocrx_word' id='word_1_6' title='bbox 505 461 752 538; x_wconf 89' lang='lat' dir='ltr'><strong>Amphictionum</strong></span> <span class='ocrx_word' id='word_1_7' title='bbox 774 462 968 539; x_wconf 73' lang='lat' dir='ltr'><strong>Delphorum,</strong></span> <span class='ocrx_word' id='word_1_8' title='bbox 991 482 1045 524; x_wconf 88' lang='lat' dir='ltr'><strong>nec</strong></span> <span class='ocrx_word' id='word_1_9' title='bbox 1068 466 1169 524; x_wconf 88' lang='lat' dir='ltr'><strong>tamen</strong></span> <span class='ocrx_word' id='word_1_10' title='bbox 1191 465 1290 540; x_wconf 90' lang='lat' dir='ltr'><strong>ipsum</strong></span> <span class='ocrx_word' id='word_1_11' title='bbox 1313 465 1484 542; x_wconf 86' lang='lat' dir='ltr'><strong>exemplum</strong></span> <span class='ocrx_word' id='word_1_12' title='bbox 1507 465 1577 524; x_wconf 86' lang='lat' dir='ltr'><strong>Del-</strong></span> 
     </span>
     <span class='ocr_line' id='line_1_3' title="bbox 264 558 1578 638; baseline 0.004 -20"><span class='ocrx_word' id='word_1_13' title='bbox 264 560 394 636; x_wconf 87' lang='lat' dir='ltr'><strong>phicum,</strong></span> <span class='ocrx_word' id='word_1_14' title='bbox 417 559 469 620; x_wconf 91' lang='lat' dir='ltr'><strong>sed</strong></span> <span class='ocrx_word' id='word_1_15' title='bbox 490 559 522 618; x_wconf 92' lang='lat' dir='ltr'><strong>id</strong></span> <span class='ocrx_word' id='word_1_16' title='bbox 546 559 626 636; x_wconf 92' lang='lat' dir='ltr'><strong>quod</strong></span> <span class='ocrx_word' id='word_1_17' title='bbox 647 559 775 620; x_wconf 87' lang='lat' dir='ltr'><strong>Athenis</strong></span> <span class='ocrx_word' id='word_1_18' title='bbox 798 579 825 620; x_wconf 90' lang='lat' dir='ltr'><strong>a.</strong></span> <span class='ocrx_word' id='word_1_19' title='bbox 844 579 871 620; x_wconf 90' lang='lat' dir='ltr'><strong>a.</strong></span> <span class='ocrx_word' id='word_1_20' title='bbox 888 558 956 620; x_wconf 83' lang='lat' dir='ltr'><strong>Chr.</strong></span> <span class='ocrx_word' id='word_1_21' title='bbox 975 581 1004 621; x_wconf 89' lang='lat' dir='ltr'><strong>n.</strong></span> <span class='ocrx_word' id='word_1_22' title='bbox 1024 562 1089 622; x_wconf 83' lang='lat'><strong>380</strong></span> <span class='ocrx_word' id='word_1_23' title='bbox 1113 561 1254 622; x_wconf 78' lang='lat' dir='ltr'>archonte</span> <span class='ocrx_word' id='word_1_24' title='bbox 1276 561 1392 638; x_wconf 79' lang='lat' dir='ltr'><strong>Pythea</strong></span> <span class='ocrx_word' id='word_1_25' title='bbox 1419 568 1578 623; x_wconf 85' lang='lat' dir='ltr'><strong>exaratum</strong></span> 
     </span>
     <span class='ocr_line' id='line_1_4' title="bbox 264 657 1579 740; baseline 0.002 -22"><span class='ocrx_word' id='word_1_26' title='bbox 264 676 329 718; x_wconf 82' lang='lat' dir='ltr'><strong>asse</strong></span> <span class='ocrx_word' id='word_1_27' title='bbox 356 659 541 735; x_wconf 84' lang='lat' dir='ltr'><strong>praescripta</strong></span> <span class='ocrx_word' id='word_1_28' title='bbox 567 679 595 717; x_wconf 89' lang='lat' dir='ltr'><strong>v.</strong></span> <span class='ocrx_word' id='word_1_29' title='bbox 617 660 633 715; x_wconf 93' lang='lat'>1</span> <span class='ocrx_word' id='word_1_30' title='bbox 663 657 778 718; x_wconf 89' lang='lat' dir='ltr'><strong>docent.</strong></span> <span class='ocrx_word' id='word_1_31' title='bbox 824 659 943 718; x_wconf 75' lang='lat' dir='ltr'>Titulus</span> <span class='ocrx_word' id='word_1_32' title='bbox 971 659 1127 739; x_wconf 77' lang='grc' dir='ltr'><strong><em>στοιχηδὸν</em></strong></span> <span class='ocrx_word' id='word_1_33' title='bbox 1150 661 1260 720; x_wconf 88' lang='lat' dir='ltr'><strong>incisus</strong></span> <span class='ocrx_word' id='word_1_34' title='bbox 1287 679 1346 720; x_wconf 93' lang='lat' dir='ltr'><strong>non</strong></span> <span class='ocrx_word' id='word_1_35' title='bbox 1374 663 1429 736; x_wconf 76' lang='lat' dir='ltr'><strong>est,</strong></span> <span class='ocrx_word' id='word_1_36' title='bbox 1456 661 1579 740; x_wconf 87' lang='lat' dir='ltr'><strong>singula</strong></span> 
     </span>
    </p>
   </div>
   <div class='ocr_carea' id='block_1_3' title="bbox 146 749 1579 838">
    <p class='ocr_par' dir='ltr' id='par_1_3' title="bbox 146 749 1579 838">
     <span class='ocr_line' id='line_1_5' title="bbox 146 749 1579 838; baseline 0.005 -27"><span class='ocrx_word' id='word_1_37' title='bbox 146 806 148 811; x_wconf 28' lang='lat' dir='ltr'>s</span> <span class='ocrx_word' id='word_1_38' title='bbox 264 757 366 832; x_wconf 87' lang='lat' dir='ltr'><strong>capita</strong></span> <span class='ocrx_word' id='word_1_39' title='bbox 393 755 594 818; x_wconf 89' lang='lat' dir='ltr'><strong>distinctionis</strong></span> <span class='ocrx_word' id='word_1_40' title='bbox 622 757 701 816; x_wconf 91' lang='lat' dir='ltr'><strong>notis</strong></span> <span class='ocrx_word' id='word_1_41' title='bbox 725 749 767 838; x_wconf 90' lang='lat' dir='ltr'><strong>(v.</strong></span> <span class='ocrx_word' id='word_1_42' title='bbox 788 757 838 816; x_wconf 85' lang='lat'><strong>15.</strong></span> <span class='ocrx_word' id='word_1_43' title='bbox 863 758 914 817; x_wconf 82' lang='lat'><strong>26.</strong></span> <span class='ocrx_word' id='word_1_44' title='bbox 934 749 991 838; x_wconf 81' lang='lat'><strong>40)</strong></span> <span class='ocrx_word' id='word_1_45' title='bbox 1014 758 1112 818; x_wconf 86' lang='lat' dir='ltr'><strong>divisa</strong></span> <span class='ocrx_word' id='word_1_46' title='bbox 1142 760 1234 817; x_wconf 90' lang='lat' dir='ltr'><strong>erant.</strong></span> <span class='ocrx_word' id='word_1_47' title='bbox 1281 756 1362 818; x_wconf 89' lang='lat' dir='ltr'><strong>Olim</strong></span> <span class='ocrx_word' id='word_1_48' title='bbox 1385 762 1486 819; x_wconf 87' lang='lat' dir='ltr'><strong>autem</strong></span> <span class='ocrx_word' id='word_1_49' title='bbox 1510 779 1579 818; x_wconf 87' lang='lat' dir='ltr'><strong>oum</strong></span> 
     </span>
    </p>
   </div>
   <div class='ocr_carea' id='block_1_4' title="bbox 262 854 1585 2698">
    <p class='ocr_par' dir='ltr' id='par_1_4' title="bbox 264 854 1579 1208">
     <span class='ocr_line' id='line_1_6' title="bbox 264 854 1579 933; baseline 0.003 -20"><span class='ocrx_word' id='word_1_50' title='bbox 264 856 379 913; x_wconf 87' lang='lat' dir='ltr'><strong>certum</strong></span> <span class='ocrx_word' id='word_1_51' title='bbox 400 855 587 915; x_wconf 79' lang='lat' dir='ltr'><strong>restitutioni</strong></span> <span class='ocrx_word' id='word_1_52' title='bbox 613 854 839 914; x_wconf 77' lang='lat' dir='ltr'><strong>fundamentum</strong></span> <span class='ocrx_word' id='word_1_53' title='bbox 866 855 994 932; x_wconf 81' lang='lat' dir='ltr'><strong>deesset,</strong></span> <span class='ocrx_word' id='word_1_54' title='bbox 1022 856 1092 933; x_wconf 87' lang='lat' dir='ltr'><strong>quia</strong></span> <span class='ocrx_word' id='word_1_55' title='bbox 1121 859 1264 933; x_wconf 76' lang='lat' dir='ltr'><strong>quomam</strong></span> <span class='ocrx_word' id='word_1_56' title='bbox 1287 856 1407 917; x_wconf 73' lang='lat' dir='ltr'><strong>litterae</strong></span> <span class='ocrx_word' id='word_1_57' title='bbox 1429 876 1448 916; x_wconf 89' lang='lat' dir='ltr'><strong>a</strong></span> <span class='ocrx_word' id='word_1_58' title='bbox 1471 857 1579 917; x_wconf 77' lang='lat' dir='ltr'><strong>dextre</strong></span> 
     </span>
     <span class='ocr_line' id='line_1_7' title="bbox 264 952 1578 1033; baseline 0.003 -23"><span class='ocrx_word' id='word_1_59' title='bbox 264 955 350 1027; x_wconf 89' lang='lat' dir='ltr'><strong>parte</strong></span> <span class='ocrx_word' id='word_1_60' title='bbox 373 954 544 1028; x_wconf 80' lang='lat' dir='ltr'><strong>periissent,</strong></span> <span class='ocrx_word' id='word_1_61' title='bbox 572 952 760 1028; x_wconf 90' lang='lat' dir='ltr'><strong>exploratum</strong></span> <span class='ocrx_word' id='word_1_62' title='bbox 787 955 948 1029; x_wconf 86' lang='lat' dir='ltr'><strong>nouerat,</strong></span> <span class='ocrx_word' id='word_1_63' title='bbox 974 973 1069 1030; x_wconf 84' lang='lat' dir='ltr'><strong>nuper</strong></span> <span class='ocrx_word' id='word_1_64' title='bbox 1092 955 1274 1033; x_wconf 78' lang='lat' dir='ltr'><strong>argumentis</strong></span> <span class='ocrx_word' id='word_1_65' title='bbox 1302 957 1337 1014; x_wconf 92' lang='lat' dir='ltr'><strong>ut</strong></span> <span class='ocrx_word' id='word_1_66' title='bbox 1359 955 1432 1014; x_wconf 89' lang='lat' dir='ltr'><strong>mihi</strong></span> <span class='ocrx_word' id='word_1_67' title='bbox 1455 955 1578 1031; x_wconf 89' lang='lat' dir='ltr'><strong>quidem</strong></span> 
     </span>
     <span class='ocr_line' id='line_1_8' title="bbox 266 1047 1578 1131; baseline 0.003 -23"><span class='ocrx_word' id='word_1_68' title='bbox 266 1047 370 1110; x_wconf 89' lang='lat' dir='ltr'><strong>videor</strong></span> <span class='ocrx_word' id='word_1_69' title='bbox 393 1050 579 1124; x_wconf 87' lang='lat' dir='ltr'><strong>firmissimis,</strong></span> <span class='ocrx_word' id='word_1_70' title='bbox 603 1068 679 1127; x_wconf 89' lang='lat' dir='ltr'><strong>quae</strong></span> <span class='ocrx_word' id='word_1_71' title='bbox 701 1050 751 1110; x_wconf 89' lang='lat' dir='ltr'><strong>bic</strong></span> <span class='ocrx_word' id='word_1_72' title='bbox 772 1052 906 1127; x_wconf 90' lang='lat' dir='ltr'><strong>repetere</strong></span> <span class='ocrx_word' id='word_1_73' title='bbox 929 1051 1052 1130; x_wconf 91' lang='lat' dir='ltr'><strong>longum</strong></span> <span class='ocrx_word' id='word_1_74' title='bbox 1075 1054 1132 1130; x_wconf 88' lang='lat' dir='ltr'><strong>est,</strong></span> <span class='ocrx_word' id='word_1_75' title='bbox 1161 1051 1294 1131; x_wconf 88' lang='lat' dir='ltr'><strong>singulos</strong></span> <span class='ocrx_word' id='word_1_76' title='bbox 1316 1071 1419 1114; x_wconf 84' lang='lat' dir='ltr'><strong>versus</strong></span> <span class='ocrx_word' id='word_1_77' title='bbox 1444 1054 1578 1112; x_wconf 76' lang='lat'>75-79</span> 
     </span>
     <span class='ocr_line' id='line_1_9' title="bbox 266 1146 783 1208; baseline -0.002 -1"><span class='ocrx_word' id='word_1_78' title='bbox 266 1146 436 1207; x_wconf 87' lang='lat' dir='ltr'><strong>litterarum</strong></span> <span class='ocrx_word' id='word_1_79' title='bbox 459 1148 550 1208; x_wconf 88' lang='lat' dir='ltr'><strong>fuisse</strong></span> <span class='ocrx_word' id='word_1_80' title='bbox 574 1148 783 1208; x_wconf 86' lang='lat' dir='ltr'><strong>demonstravi.</strong></span> 
     </span>
    </p>

    <p class='ocr_par' dir='ltr' id='par_1_5' title="bbox 262 1246 1580 1716">
     <span class='ocr_line' id='line_1_10' title="bbox 353 1246 1580 1326; baseline 0.002 -22"><span class='ocrx_word' id='word_1_81' title='bbox 353 1246 390 1305; x_wconf 90' lang='lat' dir='ltr'><strong>V.</strong></span> <span class='ocrx_word' id='word_1_82' title='bbox 407 1248 482 1305; x_wconf 85' lang='grc'><strong>2-7</strong></span> <span class='ocrx_word' id='word_1_83' title='bbox 507 1248 553 1306; x_wconf 87' lang='lat' dir='ltr'><strong>ius</strong></span> <span class='ocrx_word' id='word_1_84' title='bbox 571 1246 733 1306; x_wconf 88' lang='lat' dir='ltr'><strong>iurandum</strong></span> <span class='ocrx_word' id='word_1_85' title='bbox 751 1247 1034 1321; x_wconf 87' lang='lat' dir='ltr'><strong>hieromnemonum,</strong></span> <span class='ocrx_word' id='word_1_86' title='bbox 1057 1265 1187 1325; x_wconf 91' lang='lat' dir='ltr'><strong>quorum</strong></span> <span class='ocrx_word' id='word_1_87' title='bbox 1204 1250 1326 1326; x_wconf 91' lang='lat' dir='ltr'><strong>propria</strong></span> <span class='ocrx_word' id='word_1_88' title='bbox 1344 1249 1435 1309; x_wconf 77' lang='lat' dir='ltr'><strong>fxiisse</strong></span> <span class='ocrx_word' id='word_1_89' title='bbox 1453 1267 1580 1308; x_wconf 91' lang='lat' dir='ltr'><strong>munera</strong></span> 
     </span>
     <span class='ocr_line' id='line_1_11' title="bbox 264 1339 1578 1424; baseline 0.002 -22"><span class='ocrx_word' id='word_1_90' title='bbox 264 1342 417 1404; x_wconf 88' lang='lat' dir='ltr'><strong>iudicandi</strong></span> <span class='ocrx_word' id='word_1_91' title='bbox 439 1346 470 1405; x_wconf 89' lang='lat' dir='ltr'><strong>et</strong></span> <span class='ocrx_word' id='word_1_92' title='bbox 492 1345 602 1404; x_wconf 88' lang='lat' dir='ltr'><strong>multas</strong></span> <span class='ocrx_word' id='word_1_93' title='bbox 621 1344 759 1422; x_wconf 85' lang='lat' dir='ltr'><strong>exigendi</strong></span> <span class='ocrx_word' id='word_1_94' title='bbox 777 1343 886 1405; x_wconf 83' lang='lat' dir='ltr'><strong>diserte</strong></span> <span class='ocrx_word' id='word_1_95' title='bbox 905 1343 1015 1405; x_wconf 87' lang='lat' dir='ltr'><strong>dicitur</strong></span> <span class='ocrx_word' id='word_1_96' title='bbox 1032 1344 1154 1405; x_wconf 76' lang='lat' dir='ltr'><strong>ssDI</strong></span> <span class='ocrx_word' id='word_1_97' title='bbox 1169 1348 1257 1406; x_wconf 80' lang='lat'>2520</span> <span class='ocrx_word' id='word_1_98' title='bbox 1272 1371 1314 1395; x_wconf 89' lang='lat'><em>=</em></span> <span class='ocrx_word' id='word_1_99' title='bbox 1328 1339 1414 1424; x_wconf 67' lang='lat' dir='ltr'><strong>Syll.8</strong></span> <span class='ocrx_word' id='word_1_100' title='bbox 1432 1349 1578 1406; x_wconf 71' lang='lat' dir='ltr'><strong>asserir.</strong></span> 
     </span>
     <span class='ocr_line' id='line_1_12' title="bbox 263 1438 1580 1524; baseline 0.002 -23"><span class='ocrx_word' id='word_1_101' title='bbox 263 1440 334 1514; x_wconf 82' lang='grc' dir='ltr'><strong><em>τοὺς</em></strong></span> <span class='ocrx_word' id='word_1_102' title='bbox 365 1438 398 1502; x_wconf 81' lang='grc' dir='ltr'><strong>δὲ</strong></span> <span class='ocrx_word' id='word_1_103' title='bbox 429 1441 645 1521; x_wconf 83' lang='grc' dir='ltr'><strong><em>ίερομνάμονας</em></strong></span> <span class='ocrx_word' id='word_1_104' title='bbox 676 1475 714 1484; x_wconf 94' lang='grc'>-</span> <span class='ocrx_word' id='word_1_105' title='bbox 739 1475 783 1484; x_wconf 93' lang='grc'><strong>-</strong></span> <span class='ocrx_word' id='word_1_106' title='bbox 810 1440 860 1503; x_wconf 82' lang='grc' dir='ltr'><strong>καὶ</strong></span> <span class='ocrx_word' id='word_1_107' title='bbox 887 1442 1134 1516; x_wconf 81' lang='grc' dir='ltr'><strong><em>καταδικάζοντας</em></strong></span> <span class='ocrx_word' id='word_1_108' title='bbox 1160 1440 1210 1504; x_wconf 71' lang='grc' dir='ltr'><strong>καὶ</strong></span> <span class='ocrx_word' id='word_1_109' title='bbox 1237 1442 1422 1522; x_wconf 81' lang='grc' dir='ltr'><strong><em>πράσσοντας</em></strong></span> <span class='ocrx_word' id='word_1_110' title='bbox 1451 1445 1580 1524; x_wconf 80' lang='grc' dir='ltr'><strong><em>κυρίους</em></strong></span> 
     </span>
     <span class='ocr_line' id='line_1_13' title="bbox 262 1532 1579 1621; baseline 0.001 -21"><span class='ocrx_word' id='word_1_111' title='bbox 262 1532 352 1618; x_wconf 82' lang='grc' dir='ltr'><strong><em>εἶμεν.</em></strong></span> <span class='ocrx_word' id='word_1_112' title='bbox 398 1540 570 1600; x_wconf 82' lang='lat' dir='ltr'><strong>Formulam</strong></span> <span class='ocrx_word' id='word_1_113' title='bbox 592 1543 667 1601; x_wconf 87' lang='lat' dir='ltr'><strong>iuris</strong></span> <span class='ocrx_word' id='word_1_114' title='bbox 689 1541 810 1600; x_wconf 88' lang='lat' dir='ltr'><strong>iurandi</strong></span> <span class='ocrx_word' id='word_1_115' title='bbox 832 1559 926 1617; x_wconf 90' lang='lat' dir='ltr'><strong>paene</strong></span> <span class='ocrx_word' id='word_1_116' title='bbox 950 1541 1086 1617; x_wconf 90' lang='lat' dir='ltr'><strong>eandem,</strong></span> <span class='ocrx_word' id='word_1_117' title='bbox 1111 1544 1201 1601; x_wconf 89' lang='lat' dir='ltr'><strong>etiam</strong></span> <span class='ocrx_word' id='word_1_118' title='bbox 1224 1542 1302 1601; x_wconf 90' lang='lat' dir='ltr'><strong>illud</strong></span> <span class='ocrx_word' id='word_1_119' title='bbox 1324 1539 1499 1621; x_wconf 74' lang='grc' dir='ltr'><strong><em>ὑπίσχομαι,</em></strong></span> <span class='ocrx_word' id='word_1_120' title='bbox 1530 1543 1579 1602; x_wconf 87' lang='lat' dir='ltr'><strong>lex</strong></span> 
     </span>
     <span class='ocr_line' id='line_1_14' title="bbox 267 1637 861 1716; baseline 0.003 -20"><span class='ocrx_word' id='word_1_121' title='bbox 267 1637 477 1716; x_wconf 87' lang='lat' dir='ltr'><strong>Labyadarum</strong></span> <span class='ocrx_word' id='word_1_122' title='bbox 501 1638 529 1697; x_wconf 90' lang='lat' dir='ltr'>A</span> <span class='ocrx_word' id='word_1_123' title='bbox 551 1660 578 1698; x_wconf 88' lang='lat' dir='ltr'><strong>v.</strong></span> <span class='ocrx_word' id='word_1_124' title='bbox 601 1641 711 1715; x_wconf 76' lang='lat' dir='ltr'><strong>ldsqq.</strong></span> <span class='ocrx_word' id='word_1_125' title='bbox 735 1639 861 1699; x_wconf 86' lang='lat' dir='ltr'><strong>exhibet.</strong></span> 
     </span>
    </p>

    <p class='ocr_par' dir='ltr' id='par_1_6' title="bbox 263 1735 1585 2698">
     <span class='ocr_line' id='line_1_15' title="bbox 354 1735 1582 1815; baseline 0.005 -22"><span class='ocrx_word' id='word_1_126' title='bbox 354 1736 390 1795; x_wconf 90' lang='lat' dir='ltr'><strong>V.</strong></span> <span class='ocrx_word' id='word_1_127' title='bbox 411 1739 502 1813; x_wconf 77' lang='lat' dir='ltr'><strong>ltsq.</strong></span> <span class='ocrx_word' id='word_1_128' title='bbox 526 1736 562 1796; x_wconf 91' lang='lat' dir='ltr'><strong>de</strong></span> <span class='ocrx_word' id='word_1_129' title='bbox 589 1737 696 1796; x_wconf 86' lang='lat' dir='ltr'><strong>hostiis</strong></span> <span class='ocrx_word' id='word_1_130' title='bbox 720 1738 835 1814; x_wconf 88' lang='lat' dir='ltr'><strong>agitur,</strong></span> <span class='ocrx_word' id='word_1_131' title='bbox 861 1739 925 1796; x_wconf 90' lang='lat' dir='ltr'><strong>veri</strong></span> <span class='ocrx_word' id='word_1_132' title='bbox 951 1739 1047 1815; x_wconf 87' lang='lat' dir='ltr'><strong>igitur</strong></span> <span class='ocrx_word' id='word_1_133' title='bbox 1073 1737 1171 1798; x_wconf 86' lang='lat' dir='ltr'><strong>simile</strong></span> <span class='ocrx_word' id='word_1_134' title='bbox 1199 1740 1268 1815; x_wconf 91' lang='lat' dir='ltr'><strong>post</strong></span> <span class='ocrx_word' id='word_1_135' title='bbox 1289 1739 1382 1798; x_wconf 84' lang='lat' dir='ltr'><strong>verba</strong></span> <span class='ocrx_word' id='word_1_136' title='bbox 1408 1736 1460 1798; x_wconf 85' lang='grc' dir='ltr'><strong><em>τὸν</em></strong></span> <span class='ocrx_word' id='word_1_137' title='bbox 1487 1735 1582 1800; x_wconf 77' lang='grc' dir='ltr'><strong><em>αὐτὸν</em></strong></span> 
     </span>
     <span class='ocr_line' id='line_1_16' title="bbox 267 1825 1580 1914; baseline 0.002 -22"><span class='ocrx_word' id='word_1_138' title='bbox 267 1830 358 1912; x_wconf 82' lang='grc' dir='ltr'><strong><em>ὅρκον</em></strong></span> <span class='ocrx_word' id='word_1_139' title='bbox 380 1833 449 1893; x_wconf 88' lang='lat' dir='ltr'><strong>inde</strong></span> <span class='ocrx_word' id='word_1_140' title='bbox 473 1854 491 1894; x_wconf 90' lang='lat' dir='ltr'><strong>a</strong></span> <span class='ocrx_word' id='word_1_141' title='bbox 514 1834 617 1894; x_wconf 84' lang='lat' dir='ltr'><strong>littere</strong></span> <span class='ocrx_word' id='word_1_142' title='bbox 631 1825 673 1910; x_wconf 73' lang='grc' dir='ltr'><strong>Ρ,</strong></span> <span class='ocrx_word' id='word_1_143' title='bbox 696 1836 754 1894; x_wconf 86' lang='lat' dir='ltr'><strong>etsi</strong></span> <span class='ocrx_word' id='word_1_144' title='bbox 773 1835 974 1895; x_wconf 84' lang='lat' dir='ltr'><strong>distinctionis</strong></span> <span class='ocrx_word' id='word_1_145' title='bbox 993 1838 1066 1895; x_wconf 88' lang='lat' dir='ltr'><strong>uota</strong></span> <span class='ocrx_word' id='word_1_146' title='bbox 1085 1835 1175 1913; x_wconf 89' lang='lat' dir='ltr'><strong>deest,</strong></span> <span class='ocrx_word' id='word_1_147' title='bbox 1198 1855 1310 1896; x_wconf 81' lang='lat' dir='ltr'><strong>novum</strong></span> <span class='ocrx_word' id='word_1_148' title='bbox 1328 1839 1420 1914; x_wconf 90' lang='lat' dir='ltr'><strong>caput</strong></span> <span class='ocrx_word' id='word_1_149' title='bbox 1437 1837 1580 1912; x_wconf 81' lang='lat' dir='ltr'><strong>incipere.</strong></span> 
     </span>
     <span class='ocr_line' id='line_1_17' title="bbox 263 1930 1581 2012; baseline 0.003 -22"><span class='ocrx_word' id='word_1_150' title='bbox 263 1931 447 2009; x_wconf 88' lang='lat' dir='ltr'><strong>Imperativo</strong></span> <span class='ocrx_word' id='word_1_151' title='bbox 479 1930 671 2012; x_wconf 76' lang='grc' dir='ltr'><strong><em>συναγόντων</em></strong></span> <span class='ocrx_word' id='word_1_152' title='bbox 702 1951 863 2009; x_wconf 79' lang='lat' dir='ltr'><strong>praecones</strong></span> <span class='ocrx_word' id='word_1_153' title='bbox 895 1933 1043 1992; x_wconf 89' lang='lat' dir='ltr'><strong>subiectos</strong></span> <span class='ocrx_word' id='word_1_154' title='bbox 1080 1953 1143 1995; x_wconf 88' lang='lat' dir='ltr'><strong>esse</strong></span> <span class='ocrx_word' id='word_1_155' title='bbox 1173 1933 1290 1994; x_wconf 75' lang='lat' dir='ltr'><strong>Absens</strong></span> <span class='ocrx_word' id='word_1_156' title='bbox 1324 1937 1410 1994; x_wconf 87' lang='lat' dir='ltr'><strong>acute</strong></span> <span class='ocrx_word' id='word_1_157' title='bbox 1443 1934 1581 2006; x_wconf 80' lang='lat' dir='ltr'><strong>coniecit,</strong></span> 
     </span>
     <span class='ocr_line' id='line_1_18' title="bbox 264 2025 1581 2109; baseline 0.002 -21"><span class='ocrx_word' id='word_1_158' title='bbox 264 2031 353 2090; x_wconf 91' lang='lat' dir='ltr'><strong>initio</strong></span> <span class='ocrx_word' id='word_1_159' title='bbox 377 2033 478 2090; x_wconf 86' lang='lat' dir='ltr'><strong>autem</strong></span> <span class='ocrx_word' id='word_1_160' title='bbox 503 2025 654 2109; x_wconf 83' lang='grc' dir='ltr'><strong><em>Π[υθίοις</em></strong></span> <span class='ocrx_word' id='word_1_161' title='bbox 677 2031 875 2107; x_wconf 90' lang='lat' dir='ltr'><strong>supplendum</strong></span> <span class='ocrx_word' id='word_1_162' title='bbox 898 2049 962 2092; x_wconf 89' lang='lat' dir='ltr'><strong>esse</strong></span> <span class='ocrx_word' id='word_1_163' title='bbox 985 2031 1080 2092; x_wconf 89' lang='lat' dir='ltr'><strong>Baun.</strong></span> <span class='ocrx_word' id='word_1_164' title='bbox 1103 2033 1179 2091; x_wconf 90' lang='lat' dir='ltr'><strong>mibi</strong></span> <span class='ocrx_word' id='word_1_165' title='bbox 1206 2051 1266 2092; x_wconf 91' lang='lat' dir='ltr'><strong>non</strong></span> <span class='ocrx_word' id='word_1_166' title='bbox 1292 2034 1454 2109; x_wconf 82' lang='lat' dir='ltr'><strong>persuasit3</strong></span> <span class='ocrx_word' id='word_1_167' title='bbox 1481 2051 1581 2108; x_wconf 88' lang='lat' dir='ltr'><strong>neque</strong></span> 
     </span>
     <span class='ocr_line' id='line_1_19' title="bbox 265 2127 1582 2206; baseline 0.003 -20"><span class='ocrx_word' id='word_1_168' title='bbox 265 2130 345 2187; x_wconf 88' lang='lat' dir='ltr'><strong>enim</strong></span> <span class='ocrx_word' id='word_1_169' title='bbox 368 2131 442 2205; x_wconf 89' lang='lat' dir='ltr'><strong>ipsis</strong></span> <span class='ocrx_word' id='word_1_170' title='bbox 465 2127 584 2188; x_wconf 91' lang='lat' dir='ltr'><strong>demum</strong></span> <span class='ocrx_word' id='word_1_171' title='bbox 607 2129 711 2188; x_wconf 89' lang='lat' dir='ltr'><strong>diebus</strong></span> <span class='ocrx_word' id='word_1_172' title='bbox 729 2127 906 2206; x_wconf 82' lang='lat' dir='ltr'><strong>Pythiorum</strong></span> <span class='ocrx_word' id='word_1_173' title='bbox 928 2127 1042 2190; x_wconf 87' lang='lat' dir='ltr'><strong>hostias</strong></span> <span class='ocrx_word' id='word_1_174' title='bbox 1065 2148 1237 2206; x_wconf 84' lang='lat' dir='ltr'><strong>comparare</strong></span> <span class='ocrx_word' id='word_1_175' title='bbox 1258 2133 1289 2190; x_wconf 91' lang='lat' dir='ltr'><strong>et</strong></span> <span class='ocrx_word' id='word_1_176' title='bbox 1310 2131 1436 2206; x_wconf 89' lang='lat' dir='ltr'><strong>probare</strong></span> <span class='ocrx_word' id='word_1_177' title='bbox 1455 2129 1582 2190; x_wconf 79' lang='lat' dir='ltr'><strong>decebat</strong></span> 
     </span>
     <span class='ocr_line' id='line_1_20' title="bbox 265 2225 1581 2303; baseline 0.002 -19"><span class='ocrx_word' id='word_1_178' title='bbox 265 2245 319 2286; x_wconf 91' lang='lat' dir='ltr'><strong>nec</strong></span> <span class='ocrx_word' id='word_1_179' title='bbox 342 2227 528 2287; x_wconf 90' lang='lat' dir='ltr'><strong>solummodo</strong></span> <span class='ocrx_word' id='word_1_180' title='bbox 551 2227 588 2286; x_wconf 92' lang='lat' dir='ltr'><strong>de</strong></span> <span class='ocrx_word' id='word_1_181' title='bbox 611 2225 785 2302; x_wconf 85' lang='lat' dir='ltr'><strong>Pythiorum</strong></span> <span class='ocrx_word' id='word_1_182' title='bbox 811 2226 916 2287; x_wconf 87' lang='lat' dir='ltr'><strong>hostiis</strong></span> <span class='ocrx_word' id='word_1_183' title='bbox 939 2230 1039 2286; x_wconf 81' lang='lat' dir='ltr'><strong>caveri</strong></span> <span class='ocrx_word' id='word_1_184' title='bbox 1061 2227 1215 2303; x_wconf 82' lang='lat' dir='ltr'><strong>probabile</strong></span> <span class='ocrx_word' id='word_1_185' title='bbox 1237 2230 1290 2287; x_wconf 90' lang='lat' dir='ltr'><strong>est.</strong></span> <span class='ocrx_word' id='word_1_186' title='bbox 1337 2227 1474 2301; x_wconf 88' lang='lat' dir='ltr'><strong>Accedit,</strong></span> <span class='ocrx_word' id='word_1_187' title='bbox 1498 2228 1581 2303; x_wconf 91' lang='lat' dir='ltr'><strong>quod</strong></span> 
     </span>
     <span class='ocr_line' id='line_1_21' title="bbox 264 2317 1585 2407; baseline 0.002 -24"><span class='ocrx_word' id='word_1_188' title='bbox 264 2327 336 2385; x_wconf 86' lang='lat' dir='ltr'><strong>novi</strong></span> <span class='ocrx_word' id='word_1_189' title='bbox 362 2327 471 2401; x_wconf 86' lang='lat' dir='ltr'><strong>capitis</strong></span> <span class='ocrx_word' id='word_1_190' title='bbox 494 2327 710 2401; x_wconf 89' lang='lat' dir='ltr'><strong>praescriptum</strong></span> <span class='ocrx_word' id='word_1_191' title='bbox 733 2328 950 2402; x_wconf 89' lang='lat' dir='ltr'><strong>exspectamus,</strong></span> <span class='ocrx_word' id='word_1_192' title='bbox 979 2345 1002 2385; x_wconf 91' lang='lat' dir='ltr'><strong>e.</strong></span> <span class='ocrx_word' id='word_1_193' title='bbox 1017 2347 1045 2403; x_wconf 90' lang='lat' dir='ltr'><strong>g.</strong></span> <span class='ocrx_word' id='word_1_194' title='bbox 1063 2345 1211 2403; x_wconf 90' lang='lat' dir='ltr'><strong>propono:</strong></span> <span class='ocrx_word' id='word_1_195' title='bbox 1234 2317 1367 2407; x_wconf 73' lang='lat' dir='ltr'><strong>sr[epl¹⁷)</strong></span> <span class='ocrx_word' id='word_1_196' title='bbox 1390 2323 1524 2406; x_wconf 76' lang='grc' dir='ltr'><strong><em>ἰερηῖων·</em></strong></span> <span class='ocrx_word' id='word_1_197' title='bbox 1549 2325 1585 2385; x_wconf 82' lang='grc' dir='ltr'><strong>οἱ</strong></span> 
     </span>
     <span class='ocr_line' id='line_1_22' title="bbox 264 2415 1581 2505; baseline 0.001 -23"><span class='ocrx_word' id='word_1_198' title='bbox 264 2421 391 2501; x_wconf 79' lang='grc' dir='ltr'><strong><em>κάρυκες</em></strong></span> <span class='ocrx_word' id='word_1_199' title='bbox 413 2415 700 2503; x_wconf 62' lang='grc' dir='ltr'><strong><em>ἐκττρυσσόντοινΓῧ)</em></strong></span> <span class='ocrx_word' id='word_1_200' title='bbox 722 2420 777 2500; x_wconf 86' lang='grc' dir='ltr'><strong>τὸμ</strong></span> <span class='ocrx_word' id='word_1_201' title='bbox 800 2421 905 2502; x_wconf 87' lang='grc' dir='ltr'><strong><em>φόρον.</em></strong></span> <span class='ocrx_word' id='word_1_202' title='bbox 952 2423 1020 2482; x_wconf 87' lang='lat' dir='ltr'><strong>Mox</strong></span> <span class='ocrx_word' id='word_1_203' title='bbox 1043 2443 1103 2483; x_wconf 92' lang='lat' dir='ltr'><strong>non</strong></span> <span class='ocrx_word' id='word_1_204' title='bbox 1126 2423 1162 2484; x_wconf 91' lang='lat' dir='ltr'><strong>de</strong></span> <span class='ocrx_word' id='word_1_205' title='bbox 1187 2424 1277 2484; x_wconf 88' lang='lat' dir='ltr'><strong>asinis</strong></span> <span class='ocrx_word' id='word_1_206' title='bbox 1301 2415 1435 2505; x_wconf 85' lang='grc' dir='ltr'><strong><em>(ὄνους),</em></strong></span> <span class='ocrx_word' id='word_1_207' title='bbox 1458 2423 1520 2498; x_wconf 88' lang='lat' dir='ltr'><strong>sed,</strong></span> <span class='ocrx_word' id='word_1_208' title='bbox 1544 2431 1581 2484; x_wconf 88' lang='lat' dir='ltr'><strong>ut</strong></span> 
     </span>
     <span class='ocr_line' id='line_1_23' title="bbox 266 2513 1580 2602; baseline 0.001 -23"><span class='ocrx_word' id='word_1_209' title='bbox 266 2523 385 2600; x_wconf 81' lang='lat' dir='ltr'><strong>egregie</strong></span> <span class='ocrx_word' id='word_1_210' title='bbox 407 2524 559 2598; x_wconf 84' lang='lat' dir='ltr'><strong>perspexit</strong></span> <span class='ocrx_word' id='word_1_211' title='bbox 576 2520 703 2595; x_wconf 88' lang='lat' dir='ltr'><strong>Ahrens,</strong></span> <span class='ocrx_word' id='word_1_212' title='bbox 725 2521 762 2580; x_wconf 91' lang='lat' dir='ltr'><strong>de</strong></span> <span class='ocrx_word' id='word_1_213' title='bbox 785 2521 890 2597; x_wconf 87' lang='lat' dir='ltr'><strong>pretiis</strong></span> <span class='ocrx_word' id='word_1_214' title='bbox 911 2513 1037 2602; x_wconf 69' lang='grc' dir='ltr'><strong><em>(ὄνους)</em></strong></span> <span class='ocrx_word' id='word_1_215' title='bbox 1061 2523 1228 2581; x_wconf 89' lang='lat' dir='ltr'><strong>hostiarum</strong></span> <span class='ocrx_word' id='word_1_216' title='bbox 1251 2521 1444 2598; x_wconf 85' lang='lat' dir='ltr'><strong>probatarum</strong></span> <span class='ocrx_word' id='word_1_217' title='bbox 1468 2523 1580 2600; x_wconf 76' lang='lat' dir='ltr'><strong>agitur.</strong></span> 
     </span>
     <span class='ocr_line' id='line_1_24' title="bbox 265 2619 1581 2698; baseline 0.001 -20"><span class='ocrx_word' id='word_1_218' title='bbox 265 2619 382 2678; x_wconf 87' lang='lat' dir='ltr'><strong>Nomen</strong></span> <span class='ocrx_word' id='word_1_219' title='bbox 404 2621 609 2698; x_wconf 76' lang='lat' dir='ltr'><strong>magistratus,</strong></span> <span class='ocrx_word' id='word_1_220' title='bbox 632 2621 685 2697; x_wconf 90' lang='lat' dir='ltr'><strong>qui</strong></span> <span class='ocrx_word' id='word_1_221' title='bbox 706 2619 854 2695; x_wconf 89' lang='lat' dir='ltr'><strong>probandi</strong></span> <span class='ocrx_word' id='word_1_222' title='bbox 876 2638 999 2678; x_wconf 89' lang='lat' dir='ltr'><strong>munere</strong></span> <span class='ocrx_word' id='word_1_223' title='bbox 1021 2621 1167 2697; x_wconf 84' lang='lat' dir='ltr'><strong>fungitur,</strong></span> <span class='ocrx_word' id='word_1_224' title='bbox 1191 2619 1352 2679; x_wconf 87' lang='lat' dir='ltr'><strong>secundum</strong></span> <span class='ocrx_word' id='word_1_225' title='bbox 1375 2637 1419 2692; x_wconf 88' lang='lat' dir='ltr'><strong>ea,</strong></span> <span class='ocrx_word' id='word_1_226' title='bbox 1442 2638 1518 2694; x_wconf 90' lang='lat' dir='ltr'><strong>quae</strong></span> <span class='ocrx_word' id='word_1_227' title='bbox 1542 2619 1581 2679; x_wconf 90' lang='lat' dir='ltr'><strong>de</strong></span> 
     </span>
    </p>
   </div>
   <div class='ocr_carea' id='block_1_5' title="bbox 146 2712 1580 2794">
    <p class='ocr_par' dir='ltr' id='par_1_7' title="bbox 146 2712 1580 2794">
     <span class='ocr_line' id='line_1_25' title="bbox 146 2712 1580 2794; baseline 0.002 -20"><span class='ocrx_word' id='word_1_228' title='bbox 146 2723 150 2730; x_wconf 91' lang='lat'>&#39;</span> <span class='ocrx_word' id='word_1_229' title='bbox 265 2717 454 2794; x_wconf 80' lang='lat' dir='ltr'><strong>longitudine</strong></span> <span class='ocrx_word' id='word_1_230' title='bbox 477 2736 616 2777; x_wconf 88' lang='lat' dir='ltr'><strong>versuum</strong></span> <span class='ocrx_word' id='word_1_231' title='bbox 638 2719 748 2793; x_wconf 85' lang='lat' dir='ltr'><strong>statui,</strong></span> <span class='ocrx_word' id='word_1_232' title='bbox 770 2719 821 2776; x_wconf 78' lang='lat' dir='ltr'><strong>vix</strong></span> <span class='ocrx_word' id='word_1_233' title='bbox 844 2716 927 2777; x_wconf 88' lang='lat' dir='ltr'><strong>aliud</strong></span> <span class='ocrx_word' id='word_1_234' title='bbox 950 2717 1042 2777; x_wconf 82' lang='lat' dir='ltr'><strong>fuisse</strong></span> <span class='ocrx_word' id='word_1_235' title='bbox 1065 2719 1165 2793; x_wconf 88' lang='lat' dir='ltr'><strong>potest</strong></span> <span class='ocrx_word' id='word_1_236' title='bbox 1187 2716 1246 2776; x_wconf 90' lang='lat' dir='ltr'><strong>nisi</strong></span> <span class='ocrx_word' id='word_1_237' title='bbox 1269 2712 1432 2776; x_wconf 71' lang='lat' dir='ltr'><strong>dialecto</strong></span> <span class='ocrx_word' id='word_1_238' title='bbox 1455 2713 1580 2792; x_wconf 82' lang='grc' dir='ltr'><strong><em>ἑκατόμ-</em></strong></span> 
     </span>
    </p>
   </div>
   <div class='ocr_carea' id='block_1_6' title="bbox 265 2810 1184 2898">
    <p class='ocr_par' dir='ltr' id='par_1_8' title="bbox 265 2810 1184 2898">
     <span class='ocr_line' id='line_1_26' title="bbox 265 2810 1184 2898; baseline 0 -24"><span class='ocrx_word' id='word_1_239' title='bbox 265 2815 333 2894; x_wconf 79' lang='grc' dir='ltr'><strong><em>βαν,</em></strong></span> <span class='ocrx_word' id='word_1_240' title='bbox 357 2817 387 2875; x_wconf 92' lang='lat' dir='ltr'><strong>et</strong></span> <span class='ocrx_word' id='word_1_241' title='bbox 410 2817 577 2892; x_wconf 89' lang='lat' dir='ltr'><strong>comparari</strong></span> <span class='ocrx_word' id='word_1_242' title='bbox 598 2818 699 2892; x_wconf 87' lang='lat' dir='ltr'><strong>potest</strong></span> <span class='ocrx_word' id='word_1_243' title='bbox 721 2810 738 2874; x_wconf 83' lang='grc' dir='ltr'><strong><em>ὁ</em></strong></span> <span class='ocrx_word' id='word_1_244' title='bbox 761 2813 809 2876; x_wconf 77' lang='grc' dir='ltr'><strong>ἐπὶ</strong></span> <span class='ocrx_word' id='word_1_245' title='bbox 831 2820 871 2898; x_wconf 80' lang='grc' dir='ltr'><strong>τῷ</strong></span> <span class='ocrx_word' id='word_1_246' title='bbox 890 2815 982 2898; x_wconf 80' lang='grc' dir='ltr'>βωμῷ</span> <span class='ocrx_word' id='word_1_247' title='bbox 1005 2813 1184 2874; x_wconf 80' lang='lat' dir='ltr'><strong>Eleusinius.</strong></span> 
     </span>
    </p>
   </div>
   <div class='ocr_carea' id='block_1_7' title="bbox 264 2922 1581 3784">
    <p class='ocr_par' dir='ltr' id='par_1_9' title="bbox 264 2922 1581 3784">
     <span class='ocr_line' id='line_1_27' title="bbox 354 2922 1581 3000; baseline 0.001 -21"><span class='ocrx_word' id='word_1_248' title='bbox 354 2922 390 2981; x_wconf 93' lang='lat' dir='ltr'><strong>V.</strong></span> <span class='ocrx_word' id='word_1_249' title='bbox 412 2923 527 2999; x_wconf 89' lang='lat' dir='ltr'><strong>15sqq.</strong></span> <span class='ocrx_word' id='word_1_250' title='bbox 550 2924 607 2982; x_wconf 91' lang='lat' dir='ltr'><strong>hoo</strong></span> <span class='ocrx_word' id='word_1_251' title='bbox 630 2924 722 3000; x_wconf 90' lang='lat' dir='ltr'><strong>caput</strong></span> <span class='ocrx_word' id='word_1_252' title='bbox 747 2924 810 2982; x_wconf 90' lang='lat' dir='ltr'><strong>iam</strong></span> <span class='ocrx_word' id='word_1_253' title='bbox 831 2941 926 2998; x_wconf 89' lang='lat' dir='ltr'><strong>paene</strong></span> <span class='ocrx_word' id='word_1_254' title='bbox 953 2923 1103 3000; x_wconf 86' lang='lat' dir='ltr'><strong>integrum</strong></span> <span class='ocrx_word' id='word_1_255' title='bbox 1126 2924 1238 2998; x_wconf 71' lang='lat' dir='ltr'><strong>evenit,</strong></span> <span class='ocrx_word' id='word_1_256' title='bbox 1270 2923 1489 2999; x_wconf 90' lang='lat' dir='ltr'><strong>praescriptum</strong></span> <span class='ocrx_word' id='word_1_257' title='bbox 1513 2924 1581 2980; x_wconf 89' lang='lat' dir='ltr'><strong>erat</strong></span> 
     </span>
     <span class='ocr_line' id='line_1_28' title="bbox 265 3014 1579 3101; baseline -0.002 -21"><span class='ocrx_word' id='word_1_258' title='bbox 265 3023 319 3080; x_wconf 89' lang='lat' dir='ltr'><strong>aut</strong></span> <span class='ocrx_word' id='word_1_259' title='bbox 340 3014 481 3101; x_wconf 80' lang='grc' dir='ltr'><strong><em>κ[ἐροδος</em></strong></span> <span class='ocrx_word' id='word_1_260' title='bbox 503 3029 558 3101; x_wconf 91' lang='grc' dir='ltr'><strong>γᾶς</strong></span> <span class='ocrx_word' id='word_1_261' title='bbox 581 3017 678 3100; x_wconf 82' lang='grc' dir='ltr'><strong><em>ἱαρᾶς]</em></strong></span> <span class='ocrx_word' id='word_1_262' title='bbox 704 3022 759 3080; x_wconf 92' lang='lat' dir='ltr'><strong>aut</strong></span> <span class='ocrx_word' id='word_1_263' title='bbox 780 3014 862 3101; x_wconf 80' lang='lat' dir='ltr'><strong>rr[epl</strong></span> <span class='ocrx_word' id='word_1_264' title='bbox 884 3028 938 3100; x_wconf 89' lang='grc' dir='ltr'><strong>γᾶς</strong></span> <span class='ocrx_word' id='word_1_265' title='bbox 961 3017 1072 3099; x_wconf 58' lang='lat' dir='ltr'><strong>lapid,</strong></span> <span class='ocrx_word' id='word_1_266' title='bbox 1096 3021 1132 3079; x_wconf 88' lang='lat' dir='ltr'><strong>cf.</strong></span> <span class='ocrx_word' id='word_1_267' title='bbox 1152 3022 1205 3079; x_wconf 93' lang='lat' dir='ltr'><strong>not</strong></span> <span class='ocrx_word' id='word_1_268' title='bbox 1225 3021 1275 3079; x_wconf 83' lang='grc'><strong>17.</strong></span> <span class='ocrx_word' id='word_1_269' title='bbox 1320 3019 1366 3078; x_wconf 91' lang='lat' dir='ltr'><strong>De</strong></span> <span class='ocrx_word' id='word_1_270' title='bbox 1388 3023 1470 3078; x_wconf 83' lang='lat' dir='ltr'><strong>terra</strong></span> <span class='ocrx_word' id='word_1_271' title='bbox 1492 3038 1579 3078; x_wconf 87' lang='lat' dir='ltr'><strong>sacra</strong></span> 
     </span>
     <span class='ocr_line' id='line_1_29' title="bbox 266 3115 1579 3196; baseline -0.002 -17"><span class='ocrx_word' id='word_1_272' title='bbox 266 3117 409 3179; x_wconf 75' lang='lat' dir='ltr'><strong>dirrhaea</strong></span> <span class='ocrx_word' id='word_1_273' title='bbox 436 3137 602 3179; x_wconf 88' lang='lat' dir='ltr'><strong>sermonem</strong></span> <span class='ocrx_word' id='word_1_274' title='bbox 629 3137 692 3179; x_wconf 90' lang='lat' dir='ltr'><strong>esse</strong></span> <span class='ocrx_word' id='word_1_275' title='bbox 719 3137 805 3178; x_wconf 91' lang='lat' dir='ltr'><strong>nemo</strong></span> <span class='ocrx_word' id='word_1_276' title='bbox 828 3136 888 3178; x_wconf 92' lang='lat' dir='ltr'><strong>non</strong></span> <span class='ocrx_word' id='word_1_277' title='bbox 910 3118 1073 3196; x_wconf 85' lang='lat' dir='ltr'><strong>intellegit,</strong></span> <span class='ocrx_word' id='word_1_278' title='bbox 1102 3118 1138 3176; x_wconf 85' lang='lat' dir='ltr'><strong>oi.</strong></span> <span class='ocrx_word' id='word_1_279' title='bbox 1157 3117 1262 3178; x_wconf 79' lang='lat' dir='ltr'><strong>Aescla</strong></span> <span class='ocrx_word' id='word_1_280' title='bbox 1284 3119 1317 3177; x_wconf 93' lang='lat' dir='ltr'><strong>in</strong></span> <span class='ocrx_word' id='word_1_281' title='bbox 1342 3115 1417 3177; x_wconf 79' lang='lat' dir='ltr'><strong>(lies.</strong></span> <span class='ocrx_word' id='word_1_282' title='bbox 1438 3120 1500 3177; x_wconf 67' lang='lat'><strong>10?</strong></span> <span class='ocrx_word' id='word_1_283' title='bbox 1512 3135 1579 3194; x_wconf 90' lang='lat' dir='ltr'><strong>sqq.</strong></span> 
     </span>
     <span class='ocr_line' id='line_1_30' title="bbox 265 3215 1579 3293; baseline -0.002 -15"><span class='ocrx_word' id='word_1_284' title='bbox 265 3220 296 3278; x_wconf 90' lang='lat' dir='ltr'><strong>et</strong></span> <span class='ocrx_word' id='word_1_285' title='bbox 317 3218 402 3277; x_wconf 88' lang='lat' dir='ltr'><strong>Dsm.</strong></span> <span class='ocrx_word' id='word_1_286' title='bbox 426 3218 463 3276; x_wconf 92' lang='lat' dir='ltr'><strong>de</strong></span> <span class='ocrx_word' id='word_1_287' title='bbox 486 3235 543 3276; x_wconf 89' lang='lat' dir='ltr'><strong>cor.</strong></span> <span class='ocrx_word' id='word_1_288' title='bbox 565 3219 713 3293; x_wconf 80' lang='lat' dir='ltr'><strong>149sqq,</strong></span> <span class='ocrx_word' id='word_1_289' title='bbox 735 3216 789 3275; x_wconf 91' lang='lat' dir='ltr'><strong>ubi</strong></span> <span class='ocrx_word' id='word_1_290' title='bbox 810 3215 856 3276; x_wconf 90' lang='lat' dir='ltr'><strong>bis</strong></span> <span class='ocrx_word' id='word_1_291' title='bbox 880 3215 1115 3276; x_wconf 89' lang='lat' dir='ltr'><strong>aDemosthene</strong></span> <span class='ocrx_word' id='word_1_292' title='bbox 1138 3215 1321 3276; x_wconf 87' lang='lat' dir='ltr'><strong>circuitionis</strong></span> <span class='ocrx_word' id='word_1_293' title='bbox 1344 3217 1441 3274; x_wconf 80' lang='lat' dir='ltr'><strong>terrae</strong></span> <span class='ocrx_word' id='word_1_294' title='bbox 1464 3216 1579 3275; x_wconf 89' lang='lat' dir='ltr'><strong>mentio</strong></span> 
     </span>
     <span class='ocr_line' id='line_1_31' title="bbox 265 3311 1579 3394; baseline -0.003 -19"><span class='ocrx_word' id='word_1_295' title='bbox 265 3315 307 3375; x_wconf 84' lang='lat' dir='ltr'><strong>fit.</strong></span> <span class='ocrx_word' id='word_1_296' title='bbox 344 3315 460 3375; x_wconf 82' lang='lat' dir='ltr'><strong>Notata</strong></span> <span class='ocrx_word' id='word_1_297' title='bbox 479 3317 580 3374; x_wconf 86' lang='lat' dir='ltr'><strong>autem</strong></span> <span class='ocrx_word' id='word_1_298' title='bbox 598 3314 721 3393; x_wconf 87' lang='lat' dir='ltr'><strong>dignum</strong></span> <span class='ocrx_word' id='word_1_299' title='bbox 739 3312 791 3375; x_wconf 89' lang='grc' dir='ltr'><strong><em>τὸν</em></strong></span> <span class='ocrx_word' id='word_1_300' title='bbox 809 3311 1041 3394; x_wconf 68' lang='grc' dir='ltr'><strong><em>ἐνεργαζόμενον</em></strong></span> <span class='ocrx_word' id='word_1_301' title='bbox 1058 3314 1108 3372; x_wconf 89' lang='lat' dir='ltr'><strong>hio</strong></span> <span class='ocrx_word' id='word_1_302' title='bbox 1126 3313 1248 3372; x_wconf 90' lang='lat' dir='ltr'><strong>minime</strong></span> <span class='ocrx_word' id='word_1_303' title='bbox 1262 3313 1366 3373; x_wconf 87' lang='lat' dir='ltr'><strong>statim</strong></span> <span class='ocrx_word' id='word_1_304' title='bbox 1381 3315 1579 3387; x_wconf 78' lang='lat' dir='ltr'><strong>execratione,</strong></span> 
     </span>
     <span class='ocr_line' id='line_1_32' title="bbox 265 3406 1579 3491; baseline -0.002 -17"><span class='ocrx_word' id='word_1_305' title='bbox 265 3413 317 3474; x_wconf 89' lang='lat' dir='ltr'><strong>sed</strong></span> <span class='ocrx_word' id='word_1_306' title='bbox 340 3414 437 3474; x_wconf 88' lang='lat' dir='ltr'><strong>multa</strong></span> <span class='ocrx_word' id='word_1_307' title='bbox 458 3413 567 3490; x_wconf 88' lang='lat' dir='ltr'><strong>puniri.</strong></span> <span class='ocrx_word' id='word_1_308' title='bbox 591 3445 634 3454; x_wconf 92' lang='lat'><em>-</em></span> <span class='ocrx_word' id='word_1_309' title='bbox 657 3433 684 3472; x_wconf 84' lang='lat' dir='ltr'><strong>v.</strong></span> <span class='ocrx_word' id='word_1_310' title='bbox 705 3415 746 3472; x_wconf 81' lang='lat'><strong>21</strong></span> <span class='ocrx_word' id='word_1_311' title='bbox 774 3431 874 3472; x_wconf 89' lang='lat' dir='ltr'><strong>omnes</strong></span> <span class='ocrx_word' id='word_1_312' title='bbox 898 3411 995 3470; x_wconf 88' lang='lat' dir='ltr'><strong>adhuc</strong></span> <span class='ocrx_word' id='word_1_313' title='bbox 1019 3411 1146 3472; x_wconf 89' lang='lat' dir='ltr'><strong>editores</strong></span> <span class='ocrx_word' id='word_1_314' title='bbox 1172 3406 1248 3491; x_wconf 76' lang='grc' dir='ltr'>[ἐπὶ]</span> <span class='ocrx_word' id='word_1_315' title='bbox 1271 3419 1323 3482; x_wconf 89' lang='grc' dir='ltr'><strong>τᾶς</strong></span> <span class='ocrx_word' id='word_1_316' title='bbox 1347 3409 1427 3490; x_wconf 81' lang='grc' dir='ltr'><strong><em>ἱερᾶς</em></strong></span> <span class='ocrx_word' id='word_1_317' title='bbox 1448 3419 1503 3491; x_wconf 85' lang='grc' dir='ltr'><strong>γᾶς</strong></span> <span class='ocrx_word' id='word_1_318' title='bbox 1526 3411 1579 3471; x_wconf 81' lang='grc' dir='ltr'><strong>κό-</strong></span> 
     </span>
     <span class='ocr_line' id='line_1_33' title="bbox 264 3508 1579 3592; baseline -0.004 -20"><span class='ocrx_word' id='word_1_319' title='bbox 264 3533 342 3592; x_wconf 83' lang='grc' dir='ltr'><strong><em>προν</em></strong></span> <span class='ocrx_word' id='word_1_320' title='bbox 361 3509 401 3590; x_wconf 82' lang='grc' dir='ltr'><strong>μὴ</strong></span> <span class='ocrx_word' id='word_1_321' title='bbox 425 3508 495 3592; x_wconf 83' lang='grc' dir='ltr'><strong><em>άγεν</em></strong></span> <span class='ocrx_word' id='word_1_322' title='bbox 523 3511 676 3590; x_wconf 89' lang='lat' dir='ltr'><strong>legebant,</strong></span> <span class='ocrx_word' id='word_1_323' title='bbox 704 3513 734 3570; x_wconf 92' lang='lat' dir='ltr'><strong>et</strong></span> <span class='ocrx_word' id='word_1_324' title='bbox 756 3511 817 3570; x_wconf 88' lang='lat' dir='ltr'><strong>tale</strong></span> <span class='ocrx_word' id='word_1_325' title='bbox 843 3512 1035 3586; x_wconf 90' lang='lat' dir='ltr'><strong>praeceptum</strong></span> <span class='ocrx_word' id='word_1_326' title='bbox 1065 3529 1119 3587; x_wconf 92' lang='lat' dir='ltr'><strong>per</strong></span> <span class='ocrx_word' id='word_1_327' title='bbox 1141 3527 1172 3568; x_wconf 90' lang='lat' dir='ltr'><strong>se</strong></span> <span class='ocrx_word' id='word_1_328' title='bbox 1196 3509 1315 3570; x_wconf 87' lang='lat' dir='ltr'><strong>defendi</strong></span> <span class='ocrx_word' id='word_1_329' title='bbox 1337 3527 1422 3587; x_wconf 88' lang='lat' dir='ltr'><strong>posse</strong></span> <span class='ocrx_word' id='word_1_330' title='bbox 1449 3509 1579 3568; x_wconf 90' lang='lat' dir='ltr'><strong>libenter</strong></span> 
     </span>
     <span class='ocr_line' id='line_1_34' title="bbox 265 3597 1577 3693; baseline -0.003 -23"><span class='ocrx_word' id='word_1_331' title='bbox 265 3610 394 3671; x_wconf 90' lang='lat' dir='ltr'><strong>concedo</strong></span> <span class='ocrx_word' id='word_1_332' title='bbox 413 3601 465 3693; x_wconf 89' lang='lat' dir='ltr'><strong>(cf.</strong></span> <span class='ocrx_word' id='word_1_333' title='bbox 484 3631 512 3669; x_wconf 93' lang='lat' dir='ltr'><strong>n.</strong></span> <span class='ocrx_word' id='word_1_334' title='bbox 533 3611 583 3670; x_wconf 90' lang='lat'><strong>51.</strong></span> <span class='ocrx_word' id='word_1_335' title='bbox 605 3611 677 3669; x_wconf 93' lang='lat'><strong>110.</strong></span> <span class='ocrx_word' id='word_1_336' title='bbox 699 3601 786 3689; x_wconf 83' lang='lat'><strong>111).</strong></span> <span class='ocrx_word' id='word_1_337' title='bbox 823 3609 911 3667; x_wconf 87' lang='lat' dir='ltr'><strong>Nunc</strong></span> <span class='ocrx_word' id='word_1_338' title='bbox 932 3609 1033 3667; x_wconf 87' lang='lat' dir='ltr'><strong>autem</strong></span> <span class='ocrx_word' id='word_1_339' title='bbox 1052 3607 1138 3668; x_wconf 86' lang='lat' dir='ltr'><strong>Blass</strong></span> <span class='ocrx_word' id='word_1_340' title='bbox 1157 3607 1297 3666; x_wconf 87' lang='lat' dir='ltr'><strong>lacunam</strong></span> <span class='ocrx_word' id='word_1_341' title='bbox 1315 3607 1394 3666; x_wconf 90' lang='lat' dir='ltr'><strong>inter</strong></span> <span class='ocrx_word' id='word_1_342' title='bbox 1413 3597 1577 3666; x_wconf 86' lang='grc' dir='ltr'>ΛΩΝΤΙ</span> 
     </span>
     <span class='ocr_line' id='line_1_35' title="bbox 266 3701 1578 3784; baseline -0.005 -16"><span class='ocrx_word' id='word_1_343' title='bbox 266 3701 420 3769; x_wconf 76' lang='grc' dir='ltr'><strong>ο1ΤΑΣ</strong></span> <span class='ocrx_word' id='word_1_344' title='bbox 443 3708 539 3768; x_wconf 92' lang='lat' dir='ltr'><strong>tribus</strong></span> <span class='ocrx_word' id='word_1_345' title='bbox 562 3707 672 3768; x_wconf 88' lang='lat' dir='ltr'><strong>litteris</strong></span> <span class='ocrx_word' id='word_1_346' title='bbox 696 3726 783 3784; x_wconf 86' lang='lat' dir='ltr'><strong>aegre</strong></span> <span class='ocrx_word' id='word_1_347' title='bbox 807 3707 941 3766; x_wconf 83' lang='lat' dir='ltr'><strong>sufficere</strong></span> <span class='ocrx_word' id='word_1_348' title='bbox 964 3707 1081 3780; x_wconf 87' lang='lat' dir='ltr'><strong>statuit,</strong></span> <span class='ocrx_word' id='word_1_349' title='bbox 1104 3705 1182 3763; x_wconf 85' lang='lat' dir='ltr'><strong>unde</strong></span> <span class='ocrx_word' id='word_1_350' title='bbox 1205 3723 1265 3763; x_wconf 91' lang='lat' dir='ltr'><strong>non</strong></span> <span class='ocrx_word' id='word_1_351' title='bbox 1283 3701 1342 3782; x_wconf 74' lang='grc' dir='ltr'><strong><em>ἐτιί,</em></strong></span> <span class='ocrx_word' id='word_1_352' title='bbox 1365 3704 1417 3763; x_wconf 89' lang='lat' dir='ltr'><strong>sed</strong></span> <span class='ocrx_word' id='word_1_353' title='bbox 1434 3701 1466 3764; x_wconf 78' lang='grc' dir='ltr'><strong>ἐκ</strong></span> <span class='ocrx_word' id='word_1_354' title='bbox 1484 3704 1578 3764; x_wconf 87' lang='lat' dir='ltr'><strong>fuisse</strong></span> 
     </span>
    </p>
   </div>
   <div class='ocr_carea' id='block_1_8' title="bbox 265 3801 1578 4176">
    <p class='ocr_par' dir='ltr' id='par_1_10' title="bbox 265 3801 1578 4176">
     <span class='ocr_line' id='line_1_36' title="bbox 265 3801 1578 3886; baseline -0.005 -18"><span class='ocrx_word' id='word_1_355' title='bbox 265 3807 409 3883; x_wconf 86' lang='lat' dir='ltr'><strong>seriptum</strong></span> <span class='ocrx_word' id='word_1_356' title='bbox 432 3808 550 3886; x_wconf 90' lang='lat' dir='ltr'><strong>colligo,</strong></span> <span class='ocrx_word' id='word_1_357' title='bbox 573 3824 701 3883; x_wconf 91' lang='lat' dir='ltr'><strong>quocum</strong></span> <span class='ocrx_word' id='word_1_358' title='bbox 724 3805 879 3883; x_wconf 79' lang='lat' dir='ltr'><strong>genetivus</strong></span> <span class='ocrx_word' id='word_1_359' title='bbox 901 3811 953 3875; x_wconf 87' lang='grc' dir='ltr'><strong>τᾶς</strong></span> <span class='ocrx_word' id='word_1_360' title='bbox 972 3801 991 3863; x_wconf 84' lang='lat' dir='ltr'><strong>l.</strong></span> <span class='ocrx_word' id='word_1_361' title='bbox 1005 3811 1060 3882; x_wconf 88' lang='grc' dir='ltr'><strong>γᾶς</strong></span> <span class='ocrx_word' id='word_1_362' title='bbox 1077 3803 1126 3862; x_wconf 91' lang='lat' dir='ltr'><strong>vel</strong></span> <span class='ocrx_word' id='word_1_363' title='bbox 1148 3804 1254 3863; x_wconf 90' lang='lat' dir='ltr'><strong>melius</strong></span> <span class='ocrx_word' id='word_1_364' title='bbox 1273 3803 1421 3876; x_wconf 84' lang='lat' dir='ltr'><strong>convenit,</strong></span> <span class='ocrx_word' id='word_1_365' title='bbox 1443 3803 1474 3861; x_wconf 92' lang='lat' dir='ltr'><strong>et</strong></span> <span class='ocrx_word' id='word_1_366' title='bbox 1491 3821 1578 3879; x_wconf 88' lang='lat' dir='ltr'><strong>prae·</strong></span> 
     </span>
     <span class='ocr_line' id='line_1_37' title="bbox 265 3897 1577 3984; baseline -0.004 -19"><span class='ocrx_word' id='word_1_367' title='bbox 265 3910 385 3982; x_wconf 89' lang='lat' dir='ltr'><strong>ceptum</strong></span> <span class='ocrx_word' id='word_1_368' title='bbox 404 3903 452 3964; x_wconf 78' lang='grc' dir='ltr'><strong><em>ἕττὶ</em></strong></span> <span class='ocrx_word' id='word_1_369' title='bbox 470 3927 493 3964; x_wconf 93' lang='grc' dir='ltr'><strong>τ.</strong></span> <span class='ocrx_word' id='word_1_370' title='bbox 509 3904 527 3964; x_wconf 82' lang='grc' dir='ltr'><strong>ἱ.</strong></span> <span class='ocrx_word' id='word_1_371' title='bbox 542 3913 596 3984; x_wconf 89' lang='grc' dir='ltr'><strong>γᾶς</strong></span> <span class='ocrx_word' id='word_1_372' title='bbox 614 3902 727 3983; x_wconf 77' lang='grc' dir='ltr'><strong><em>κάπρον</em></strong></span> <span class='ocrx_word' id='word_1_373' title='bbox 746 3900 786 3981; x_wconf 82' lang='grc' dir='ltr'><strong>μὴ</strong></span> <span class='ocrx_word' id='word_1_374' title='bbox 808 3897 879 3982; x_wconf 83' lang='grc' dir='ltr'><strong><em>άγεν</em></strong></span> <span class='ocrx_word' id='word_1_375' title='bbox 897 3903 929 3959; x_wconf 90' lang='lat' dir='ltr'><strong>in</strong></span> <span class='ocrx_word' id='word_1_376' title='bbox 948 3901 1019 3960; x_wconf 90' lang='lat' dir='ltr'><strong>fano</strong></span> <span class='ocrx_word' id='word_1_377' title='bbox 1037 3901 1114 3960; x_wconf 91' lang='lat' dir='ltr'><strong>illud</strong></span> <span class='ocrx_word' id='word_1_378' title='bbox 1133 3900 1252 3977; x_wconf 89' lang='lat' dir='ltr'><strong>quidem</strong></span> <span class='ocrx_word' id='word_1_379' title='bbox 1271 3901 1460 3977; x_wconf 84' lang='lat' dir='ltr'><strong>aptissimum</strong></span> <span class='ocrx_word' id='word_1_380' title='bbox 1478 3900 1577 3960; x_wconf 89' lang='lat' dir='ltr'><strong>minus</strong></span> 
     </span>
     <span class='ocr_line' id='line_1_38' title="bbox 266 4001 1577 4080; baseline -0.005 -18"><span class='ocrx_word' id='word_1_381' title='bbox 266 4006 371 4080; x_wconf 87' lang='lat' dir='ltr'><strong>aptum</strong></span> <span class='ocrx_word' id='word_1_382' title='bbox 398 4005 429 4061; x_wconf 90' lang='lat' dir='ltr'><strong>in</strong></span> <span class='ocrx_word' id='word_1_383' title='bbox 457 4006 538 4063; x_wconf 86' lang='lat' dir='ltr'><strong>terra</strong></span> <span class='ocrx_word' id='word_1_384' title='bbox 561 4001 704 4062; x_wconf 79' lang='lat' dir='ltr'><strong>Cirrhaea</strong></span> <span class='ocrx_word' id='word_1_385' title='bbox 731 4003 789 4076; x_wconf 90' lang='lat' dir='ltr'><strong>est,</strong></span> <span class='ocrx_word' id='word_1_386' title='bbox 819 4002 923 4059; x_wconf 89' lang='lat' dir='ltr'><strong>contra</strong></span> <span class='ocrx_word' id='word_1_387' title='bbox 949 4001 1103 4075; x_wconf 85' lang='lat' dir='ltr'><strong>provisum</strong></span> <span class='ocrx_word' id='word_1_388' title='bbox 1125 4018 1197 4073; x_wconf 87' lang='lat' dir='ltr'><strong>esse,</strong></span> <span class='ocrx_word' id='word_1_389' title='bbox 1224 4019 1261 4058; x_wconf 92' lang='lat' dir='ltr'><strong>ne</strong></span> <span class='ocrx_word' id='word_1_390' title='bbox 1284 4001 1415 4059; x_wconf 89' lang='lat' dir='ltr'><strong>stercora</strong></span> <span class='ocrx_word' id='word_1_391' title='bbox 1437 4015 1577 4074; x_wconf 89' lang='lat' dir='ltr'><strong>pecorum</strong></span> 
     </span>
     <span class='ocr_line' id='line_1_39' title="bbox 265 4096 1576 4176; baseline -0.005 -16"><span class='ocrx_word' id='word_1_392' title='bbox 265 4101 372 4176; x_wconf 90' lang='lat' dir='ltr'><strong>templi</strong></span> <span class='ocrx_word' id='word_1_393' title='bbox 393 4101 455 4160; x_wconf 89' lang='lat' dir='ltr'><strong>late</strong></span> <span class='ocrx_word' id='word_1_394' title='bbox 477 4103 509 4160; x_wconf 90' lang='lat' dir='ltr'><strong>in</strong></span> <span class='ocrx_word' id='word_1_395' title='bbox 531 4105 613 4161; x_wconf 88' lang='lat' dir='ltr'><strong>terra</strong></span> <span class='ocrx_word' id='word_1_396' title='bbox 634 4119 720 4161; x_wconf 90' lang='lat' dir='ltr'><strong>sacra</strong></span> <span class='ocrx_word' id='word_1_397' title='bbox 742 4099 929 4176; x_wconf 74' lang='lat' dir='ltr'><strong>pascentium</strong></span> <span class='ocrx_word' id='word_1_398' title='bbox 951 4097 1063 4174; x_wconf 84' lang='lat' dir='ltr'><strong>privati</strong></span> <span class='ocrx_word' id='word_1_399' title='bbox 1086 4097 1250 4170; x_wconf 86' lang='lat' dir='ltr'><strong>auferrent,</strong></span> <span class='ocrx_word' id='word_1_400' title='bbox 1272 4096 1360 4157; x_wconf 88' lang='lat' dir='ltr'><strong>facile</strong></span> <span class='ocrx_word' id='word_1_401' title='bbox 1382 4097 1576 4174; x_wconf 73' lang='lat' dir='ltr'><strong>intellegitur.</strong></span> 
     </span>
    </p>
   </div>
   <div class='ocr_carea' id='block_1_9' title="bbox 268 4319 1577 4476">
    <p class='ocr_par' dir='ltr' id='par_1_11' title="bbox 268 4319 1577 4476">
     <span class='ocr_line' id='line_1_40' title="bbox 339 4319 1577 4394; baseline -0.004 -16"><span class='ocrx_word' id='word_1_402' title='bbox 339 4327 383 4394; x_wconf 83' lang='grc'><strong>17)</strong></span> <span class='ocrx_word' id='word_1_403' title='bbox 411 4325 581 4394; x_wconf 84' lang='lat' dir='ltr'><strong>praepositio</strong></span> <span class='ocrx_word' id='word_1_404' title='bbox 604 4321 669 4392; x_wconf 77' lang='grc' dir='ltr'><strong><em>περί</em></strong></span> <span class='ocrx_word' id='word_1_405' title='bbox 688 4339 721 4378; x_wconf 88' lang='lat' dir='ltr'><strong>eo</strong></span> <span class='ocrx_word' id='word_1_406' title='bbox 740 4340 796 4378; x_wconf 88' lang='lat' dir='ltr'><strong>non</strong></span> <span class='ocrx_word' id='word_1_407' title='bbox 813 4321 966 4390; x_wconf 84' lang='lat' dir='ltr'><strong>refellitur,</strong></span> <span class='ocrx_word' id='word_1_408' title='bbox 989 4322 1065 4390; x_wconf 86' lang='lat' dir='ltr'><strong>quod</strong></span> <span class='ocrx_word' id='word_1_409' title='bbox 1088 4319 1132 4375; x_wconf 91' lang='lat' dir='ltr'><strong>bis</strong></span> <span class='ocrx_word' id='word_1_410' title='bbox 1151 4323 1185 4390; x_wconf 85' lang='lat' dir='ltr'><strong>(v.</strong></span> <span class='ocrx_word' id='word_1_411' title='bbox 1201 4326 1235 4374; x_wconf 79' lang='lat'><strong>26</strong></span> <span class='ocrx_word' id='word_1_412' title='bbox 1255 4321 1284 4374; x_wconf 90' lang='lat' dir='ltr'><strong>et</strong></span> <span class='ocrx_word' id='word_1_413' title='bbox 1302 4322 1347 4389; x_wconf 81' lang='lat'><strong>44)</strong></span> <span class='ocrx_word' id='word_1_414' title='bbox 1370 4319 1577 4389; x_wconf 86' lang='lat' dir='ltr'><strong>praescriptum</strong></span> 
     </span>
     <span class='ocr_line' id='line_1_41' title="bbox 268 4399 1577 4476; baseline -0.004 -19"><span class='ocrx_word' id='word_1_415' title='bbox 268 4420 335 4458; x_wconf 76' lang='lat' dir='ltr'><strong>casn</strong></span> <span class='ocrx_word' id='word_1_416' title='bbox 352 4404 533 4471; x_wconf 85' lang='lat' dir='ltr'><strong>nominativo,</strong></span> <span class='ocrx_word' id='word_1_417' title='bbox 552 4404 596 4458; x_wconf 91' lang='lat' dir='ltr'><strong>bis</strong></span> <span class='ocrx_word' id='word_1_418' title='bbox 615 4408 649 4476; x_wconf 84' lang='lat' dir='ltr'><strong>(v.</strong></span> <span class='ocrx_word' id='word_1_419' title='bbox 665 4410 698 4458; x_wconf 82' lang='lat' dir='ltr'><strong>al</strong></span> <span class='ocrx_word' id='word_1_420' title='bbox 719 4406 748 4459; x_wconf 88' lang='lat' dir='ltr'><strong>et</strong></span> <span class='ocrx_word' id='word_1_421' title='bbox 767 4407 811 4474; x_wconf 81' lang='lat'><strong>35)</strong></span> <span class='ocrx_word' id='word_1_422' title='bbox 830 4402 960 4474; x_wconf 77' lang='lat' dir='ltr'><strong>genetim</strong></span> <span class='ocrx_word' id='word_1_423' title='bbox 979 4402 1097 4473; x_wconf 84' lang='lat' dir='ltr'><strong>legitur,</strong></span> <span class='ocrx_word' id='word_1_424' title='bbox 1121 4416 1212 4468; x_wconf 88' lang='lat' dir='ltr'><strong>neque</strong></span> <span class='ocrx_word' id='word_1_425' title='bbox 1231 4400 1307 4454; x_wconf 87' lang='lat' dir='ltr'><strong>enim</strong></span> <span class='ocrx_word' id='word_1_426' title='bbox 1325 4403 1456 4454; x_wconf 85' lang='lat' dir='ltr'><strong>constans</strong></span> <span class='ocrx_word' id='word_1_427' title='bbox 1474 4399 1504 4453; x_wconf 91' lang='lat' dir='ltr'><strong>in</strong></span> <span class='ocrx_word' id='word_1_428' title='bbox 1523 4399 1577 4453; x_wconf 87' lang='lat' dir='ltr'><strong>hac</strong></span> 
     </span>
    </p>
   </div>
   <div class='ocr_carea' id='block_1_10' title="bbox 267 4478 1696 4553">
    <p class='ocr_par' dir='ltr' id='par_1_12' title="bbox 267 4478 1696 4553">
     <span class='ocr_line' id='line_1_42' title="bbox 267 4478 1696 4553; baseline -0.003 -16"><span class='ocrx_word' id='word_1_429' title='bbox 267 4499 297 4537; x_wconf 88' lang='lat' dir='ltr'><strong>re</strong></span> <span class='ocrx_word' id='word_1_430' title='bbox 317 4484 489 4539; x_wconf 88' lang='lat' dir='ltr'><strong>consuetudo</strong></span> <span class='ocrx_word' id='word_1_431' title='bbox 508 4485 664 4550; x_wconf 81' lang='lat' dir='ltr'><strong>titulorum,</strong></span> <span class='ocrx_word' id='word_1_432' title='bbox 683 4483 808 4538; x_wconf 84' lang='lat' dir='ltr'><strong>velutin</strong></span> <span class='ocrx_word' id='word_1_433' title='bbox 826 4483 889 4553; x_wconf 91' lang='lat' dir='ltr'><strong>lege</strong></span> <span class='ocrx_word' id='word_1_434' title='bbox 903 4481 1036 4537; x_wconf 81' lang='lat' dir='ltr'><strong>Andania</strong></span> <span class='ocrx_word' id='word_1_435' title='bbox 1054 4500 1081 4536; x_wconf 91' lang='lat' dir='ltr'><strong>n.</strong></span> <span class='ocrx_word' id='word_1_436' title='bbox 1096 4485 1130 4535; x_wconf 82' lang='lat'><strong>58</strong></span> <span class='ocrx_word' id='word_1_437' title='bbox 1148 4480 1314 4550; x_wconf 89' lang='lat' dir='ltr'><strong>plerumque</strong></span> <span class='ocrx_word' id='word_1_438' title='bbox 1331 4480 1478 4550; x_wconf 83' lang='lat' dir='ltr'><strong>genetivus</strong></span> <span class='ocrx_word' id='word_1_439' title='bbox 1496 4478 1578 4549; x_wconf 87' lang='lat' dir='ltr'><strong>poni-</strong></span> <span class='ocrx_word' id='word_1_440' title='bbox 1691 4535 1696 4544; x_wconf 71' lang='grc'>,</span> 
     </span>
    </p>
   </div>
   <div class='ocr_carea' id='block_1_11' title="bbox 268 4559 1579 4952">
    <p class='ocr_par' dir='ltr' id='par_1_13' title="bbox 268 4559 1579 4792">
     <span class='ocr_line' id='line_1_43' title="bbox 268 4559 1578 4635; baseline -0.002 -19"><span class='ocrx_word' id='word_1_441' title='bbox 268 4565 327 4628; x_wconf 88' lang='lat' dir='ltr'><strong>tur,</strong></span> <span class='ocrx_word' id='word_1_442' title='bbox 351 4567 451 4630; x_wconf 87' lang='lat' dir='ltr'><strong>quater</strong></span> <span class='ocrx_word' id='word_1_443' title='bbox 468 4567 563 4619; x_wconf 88' lang='lat' dir='ltr'><strong>tamen</strong></span> <span class='ocrx_word' id='word_1_444' title='bbox 581 4565 674 4635; x_wconf 90' lang='lat' dir='ltr'><strong>ipsum</strong></span> <span class='ocrx_word' id='word_1_445' title='bbox 693 4562 765 4632; x_wconf 78' lang='grc' dir='ltr'><strong><em>περί.</em></strong></span> <span class='ocrx_word' id='word_1_446' title='bbox 803 4563 894 4629; x_wconf 84' lang='lat' dir='ltr'><strong>Quare</strong></span> <span class='ocrx_word' id='word_1_447' title='bbox 917 4563 986 4617; x_wconf 88' lang='lat' dir='ltr'><strong>item</strong></span> <span class='ocrx_word' id='word_1_448' title='bbox 1010 4563 1045 4617; x_wconf 92' lang='lat' dir='ltr'><strong>de</strong></span> <span class='ocrx_word' id='word_1_449' title='bbox 1066 4561 1194 4631; x_wconf 83' lang='lat' dir='ltr'><strong>proximo</strong></span> <span class='ocrx_word' id='word_1_450' title='bbox 1219 4559 1312 4631; x_wconf 87' lang='lat' dir='ltr'><strong>capite</strong></span> <span class='ocrx_word' id='word_1_451' title='bbox 1331 4561 1457 4615; x_wconf 87' lang='lat' dir='ltr'><strong>dubitari</strong></span> <span class='ocrx_word' id='word_1_452' title='bbox 1474 4562 1578 4630; x_wconf 86' lang='lat' dir='ltr'><strong>potest,</strong></span> 
     </span>
     <span class='ocr_line' id='line_1_44' title="bbox 268 4640 1579 4716; baseline -0.001 -21"><span class='ocrx_word' id='word_1_453' title='bbox 268 4644 363 4696; x_wconf 85' lang='lat' dir='ltr'><strong>utrum</strong></span> <span class='ocrx_word' id='word_1_454' title='bbox 385 4643 517 4715; x_wconf 78' lang='grc' dir='ltr'><strong><em>κ[ἐροδος</em></strong></span> <span class='ocrx_word' id='word_1_455' title='bbox 535 4653 588 4716; x_wconf 86' lang='grc' dir='ltr'><strong>γᾶς</strong></span> <span class='ocrx_word' id='word_1_456' title='bbox 605 4644 689 4714; x_wconf 67' lang='lat' dir='ltr'><strong>lapda</strong></span> <span class='ocrx_word' id='word_1_457' title='bbox 707 4661 744 4699; x_wconf 84' lang='lat' dir='ltr'><strong>an</strong></span> <span class='ocrx_word' id='word_1_458' title='bbox 766 4644 843 4716; x_wconf 79' lang='grc' dir='ltr'><strong>τι[ερ1</strong></span> <span class='ocrx_word' id='word_1_459' title='bbox 866 4651 918 4714; x_wconf 87' lang='grc' dir='ltr'><strong>γᾶς</strong></span> <span class='ocrx_word' id='word_1_460' title='bbox 941 4641 1025 4710; x_wconf 79' lang='grc' dir='ltr'><strong><em>ἱαρᾶς</em></strong></span> <span class='ocrx_word' id='word_1_461' title='bbox 1047 4640 1183 4711; x_wconf 79' lang='lat' dir='ltr'><strong>scriptum</strong></span> <span class='ocrx_word' id='word_1_462' title='bbox 1206 4641 1304 4708; x_wconf 84' lang='lat' dir='ltr'><strong>fuerit;</strong></span> <span class='ocrx_word' id='word_1_463' title='bbox 1328 4640 1449 4695; x_wconf 83' lang='lat' dir='ltr'><strong>alterum</strong></span> <span class='ocrx_word' id='word_1_464' title='bbox 1468 4656 1579 4694; x_wconf 80' lang='lat' dir='ltr'><strong>versum</strong></span> 
     </span>
     <span class='ocr_line' id='line_1_45' title="bbox 269 4720 1500 4792; baseline 0 -18"><span class='ocrx_word' id='word_1_465' title='bbox 269 4726 302 4774; x_wconf 75' lang='lat' dir='ltr'><strong>ts</strong></span> <span class='ocrx_word' id='word_1_466' title='bbox 317 4721 482 4791; x_wconf 87' lang='lat' dir='ltr'><strong>litterarum,</strong></span> <span class='ocrx_word' id='word_1_467' title='bbox 501 4724 621 4780; x_wconf 88' lang='lat' dir='ltr'><strong>alterum</strong></span> <span class='ocrx_word' id='word_1_468' title='bbox 640 4731 673 4779; x_wconf 78' lang='grc'><strong>76</strong></span> <span class='ocrx_word' id='word_1_469' title='bbox 693 4723 789 4790; x_wconf 88' lang='lat' dir='ltr'><strong>efficit,</strong></span> <span class='ocrx_word' id='word_1_470' title='bbox 809 4726 895 4792; x_wconf 84' lang='lat' dir='ltr'><strong>atque</strong></span> <span class='ocrx_word' id='word_1_471' title='bbox 913 4721 962 4777; x_wconf 86' lang='lat' dir='ltr'><strong>ille</strong></span> <span class='ocrx_word' id='word_1_472' title='bbox 981 4722 1095 4791; x_wconf 89' lang='lat' dir='ltr'><strong>quidem</strong></span> <span class='ocrx_word' id='word_1_473' title='bbox 1113 4737 1244 4777; x_wconf 88' lang='lat' dir='ltr'><strong>numerus</strong></span> <span class='ocrx_word' id='word_1_474' title='bbox 1263 4721 1352 4776; x_wconf 86' lang='lat' dir='ltr'><strong>rarius</strong></span> <span class='ocrx_word' id='word_1_475' title='bbox 1372 4720 1500 4775; x_wconf 88' lang='lat' dir='ltr'><strong>occurrit.</strong></span> 
     </span>
    </p>

    <p class='ocr_par' dir='ltr' id='par_1_14' title="bbox 270 4800 1578 4952">
     <span class='ocr_line' id='line_1_46' title="bbox 341 4800 1578 4875; baseline -0.001 -19"><span class='ocrx_word' id='word_1_476' title='bbox 341 4805 384 4873; x_wconf 83' lang='lat'><strong>18)</strong></span> <span class='ocrx_word' id='word_1_477' title='bbox 412 4803 448 4858; x_wconf 94' lang='lat' dir='ltr'><strong>de</strong></span> <span class='ocrx_word' id='word_1_478' title='bbox 465 4805 518 4860; x_wconf 90' lang='lat' dir='ltr'><strong>hoc</strong></span> <span class='ocrx_word' id='word_1_479' title='bbox 537 4805 629 4872; x_wconf 85' lang='lat' dir='ltr'><strong>verbo,</strong></span> <span class='ocrx_word' id='word_1_480' title='bbox 648 4805 725 4875; x_wconf 86' lang='lat' dir='ltr'><strong>quod</strong></span> <span class='ocrx_word' id='word_1_481' title='bbox 743 4802 905 4859; x_wconf 83' lang='lat' dir='ltr'><strong>Beunackio</strong></span> <span class='ocrx_word' id='word_1_482' title='bbox 929 4803 1059 4871; x_wconf 86' lang='lat' dir='ltr'><strong>debetur,</strong></span> <span class='ocrx_word' id='word_1_483' title='bbox 1083 4818 1139 4856; x_wconf 91' lang='lat' dir='ltr'><strong>non</strong></span> <span class='ocrx_word' id='word_1_484' title='bbox 1157 4803 1296 4872; x_wconf 86' lang='lat' dir='ltr'><strong>spondeo,</strong></span> <span class='ocrx_word' id='word_1_485' title='bbox 1319 4803 1387 4870; x_wconf 86' lang='lat' dir='ltr'><strong>quia</strong></span> <span class='ocrx_word' id='word_1_486' title='bbox 1410 4800 1578 4868; x_wconf 75' lang='grc' dir='ltr'><strong><em>ἐκπράττειν</em></strong></span> 
     </span>
     <span class='ocr_line' id='line_1_47' title="bbox 270 4880 590 4952; baseline 0.016 -18"><span class='ocrx_word' id='word_1_487' title='bbox 270 4880 315 4934; x_wconf 87' lang='lat' dir='ltr'><strong>vix</strong></span> <span class='ocrx_word' id='word_1_488' title='bbox 333 4899 502 4952; x_wconf 84' lang='lat' dir='ltr'><strong>praeconum</strong></span> <span class='ocrx_word' id='word_1_489' title='bbox 522 4887 590 4941; x_wconf 90' lang='lat' dir='ltr'><strong>erat.</strong></span> 
     </span>
    </p>
   </div>
   <div class='ocr_carea' id='block_1_12' title="bbox 0 0 1719 5462">
    <p class='ocr_par' dir='ltr' id='par_1_15' title="bbox 0 0 1719 5462">
     <span class='ocr_line' id='line_1_48' title="bbox 0 0 1719 5462; baseline 0 0"><span class='ocrx_word' id='word_1_490' title='bbox 0 0 1719 5462; x_wconf 95' lang='lat' dir='ltr'><strong> </strong></span> 
     </span>
    </p>
   </div>
  </div>
 </body>
</html>
