3424 5462
688 338 833 394 ELATEA
850 357 877 394 n.
894 345 927 394 79
1396 339 1461 406 239

152 509 236 568 tituli
262 507 358 568 verbis
381 508 529 581 convenit,
553 509 663 585 quippe
687 526 754 568 oum
777 509 969 585 participium
990 507 1107 568 θύοντα
1125 509 1353 569 subordinatum
1372 510 1462 569 verbo

151 611 272 667 σκανεῖν
294 606 375 666 haud
403 606 492 666 dubie
521 606 559 665 ad
591 625 675 667 saera
697 607 799 684 palam
822 606 965 665 faciunda
987 611 1109 683 spectet.
1154 606 1199 666 Ac
1221 627 1258 667 na
1284 607 1315 666 id
1341 608 1462 683 quidem

151 705 368 784 neglegendum
396 706 442 764 est
464 703 614 764 infinitivo
641 709 750 764 σκυνέν
778 723 871 780 aequa
900 706 990 780 atque
1013 707 1191 781 imperativo
1214 705 1461 785 σκυνοττοιγείσθω

150 803 226 881 legis
251 800 329 862 (loce
356 801 480 863 tentorii
506 821 566 862 non
593 802 660 862 dari
687 805 881 879 potestatem,
913 803 964 862 sed
995 805 1109 879 imponi
1136 803 1343 864 necessitatem
1371 807 1462 880 atqua

151 920 217 960 eum
248 901 408 978 unicuique
438 899 627 961 sacrificanti.
679 899 745 970 Quo
772 900 849 960 hano
879 898 1109 960 necessitatem?
1158 901 1200 960 Ni
1226 903 1329 976 fallor,
1361 905 1462 961 tenen·

151 999 222 1058 dum
245 1002 292 1058 est
314 999 372 1058 duo
396 999 490 1059 fuisse
513 1016 623 1077 genera
645 1016 747 1058 carnes
771 999 960 1058 victimarum
984 999 1191 1058 consumendi:
1220 1002 1273 1059 ant
1295 1002 1373 1059 enim
1398 1003 1463 1060 erat

150 1093 291 1177 ἀκοφοροί
320 1099 373 1155 aut
399 1115 460 1156 uon
488 1089 601 1177 erat⁷);
631 1096 657 1156 si
685 1099 762 1169 arat,
790 1098 814 1154 ii
842 1098 895 1172 qui
922 1095 1175 1172 sacrificaverant,
1202 1102 1362 1174 postquem
1390 1098 1462 1157 deus

151 1197 181 1254 et
217 1194 385 1255 sacerdotes
422 1212 493 1254 suas
530 1195 656 1271 quisque
693 1197 794 1271 partes
832 1197 1020 1271 acceperant,
1055 1195 1174 1272 reliqua
1206 1194 1327 1256 domum
1363 1214 1462 1255 seeum

151 1292 362 1369 asportabant,
390 1293 416 1353 si
439 1294 551 1367 minus,
574 1295 605 1351 in
628 1294 695 1368 ipso
718 1293 789 1352 fano
813 1311 885 1352 cena
907 1293 1049 1351 instituta
1072 1311 1174 1353 carnes
1198 1293 1404 1369 comedebant,
1431 1293 1463 1351 id

151 1390 230 1466 quod
254 1391 413 1451 manifesto
437 1390 584 1450 sacerdoti
607 1390 761 1450 commodo
785 1394 857 1450 erat
895 1389 955 1449 Ubi
978 1393 1079 1450 autem
1101 1391 1150 1450 hie
1173 1410 1238 1451 mos
1261 1391 1382 1451 valebat
1400 1391 1463 1451 sive

149 1491 278 1565 privatis
307 1490 368 1549 sive
396 1489 524 1566 publicis
551 1491 584 1547 in
612 1487 778 1563 sacrificiis,
810 1489 942 1548 tentoria
969 1488 1060 1567 vulgo
1092 1489 1174 1548 faeta
1202 1507 1265 1549 esse
1291 1493 1379 1566 puto,
1411 1488 1464 1548 ubi

150 1589 298 1663 sonarent.
335 1587 563 1648 Nobilissimum
582 1586 643 1646 fere
662 1587 829 1664 exemplum
848 1589 931 1646 extat
948 1589 980 1644 in
999 1586 1153 1663 Euripidis
1172 1587 1253 1662 Ione,
1274 1587 1325 1646 ubi
1343 1587 1462 1648 Xuthus

150 1685 296 1745 sacrificio
324 1687 445 1762 peracto
475 1686 578 1745 amicis
603 1685 706 1761 epulas
729 1685 831 1760 parari
858 1687 890 1744 et
912 1685 1042 1744 tentoria
1066 1687 1166 1744 extrui
1189 1685 1272 1744 iubet
1295 1677 1346 1766 (of.
1369 1685 1462 1761 potis·

150 1785 260 1843 simum
282 1803 310 1842 v.
331 1783 497 1844 804-807
518 1786 549 1842 et
569 1785 653 1842 1122
666 1775 762 1865 sqq.).,
784 1782 840 1842 Ion
864 1784 965 1841 autem
989 1801 1152 1861 permagna
1171 1785 1286 1843 extruit
1307 1779 1348 1856 ὡς
1366 1782 1463 1842 κοίντν

149 1883 278 1958 Δελφῶν
310 1879 383 1941 λαὸν
410 1878 440 1953 ἒς
469 1881 581 1958 θοίνην
614 1884 712 1940 καλῶν
740 1876 782 1962 (v.
804 1873 913 1962 1167).
964 1881 1077 1940 Eodem
1109 1883 1227 1941 nomine
1260 1882 1461 1942 memorabilis

146 1971 282 2058 Ὀρέστου
306 1997 382 2054 quae
405 1981 530 2039 vocatur
554 1977 664 2056 σκηνή,
691 1979 728 2038 de
756 1997 816 2054 qua
837 1978 925 2038 Paus.
944 1978 975 2037 Π
995 1980 1047 2054 31,
1057 1979 1086 2038 8.
1132 1978 1197 2049 Quo
1220 1998 1302 2039 more
1325 1998 1462 2040 necnon

149 2077 366 2138 consuetudine
397 2077 525 2137 militiae
557 2079 669 2151 evenit,
702 2080 737 2136 ut
767 2080 888 2154 σκηνεῖν
915 2096 1010 2153 paene
1043 2077 1145 2137 eodem
1177 2096 1267 2166 sensu
1290 2096 1330 2168 pe
1357 2083 1461 2138 θοινᾶ-

60 2189 62 2192 ·
150 2180 225 2235 σθαι
247 2178 279 2234 et
305 2173 453 2248 σύσκυνος
479 2195 534 2252 pro
558 2177 685 2235 conviva
713 2174 874 2234 diceretur:
901 2177 945 2235 sie
972 2176 1062 2235 schol.
1080 2175 1172 2236 Arist.
1192 2176 1267 2235 Ran'.
1287 2178 1351 2235 624
1376 2195 1461 2236 voea-

148 2274 253 2332 bulum
286 2273 487 2352 συσκηνητριο
519 2273 585 2350 ipsa
616 2292 688 2333 voce
721 2272 794 2350 φίλη
827 2272 996 2344 σννδίυιτος
1029 2274 1172 2350 explicat3
1203 2273 1462 2350 frequentissimus

149 2377 248 2431 autem
274 2371 355 2449 apud
373 2363 632 2450 Xenophontem⁸)
656 2373 682 2429 is
702 2370 846 2430 sermonis
864 2389 934 2430 usus
954 2374 1007 2445 est,
1030 2373 1075 2430 ita
1098 2375 1132 2430 ut
1154 2375 1273 2449 σκηνεῖν
1292 2371 1373 2449 apud
1393 2391 1462 2431 eum

148 2488 270 2546 prorsus
293 2470 356 2529 fere
378 2468 457 2528 idem
479 2469 560 2545 quod
579 2469 693 2543 epulari
711 2469 821 2543 valeat,
844 2466 941 2545 σκηνή
962 2468 1042 2544 quod
1060 2469 1175 2545 epulam
1199 2469 1282 2529 velut
1301 2489 1368 2528 eum
1388 2469 1462 2528 dicit

149 2565 246 2627 Αυυί).
270 2566 298 2624 V
323 2569 385 2642 3,9
419 2567 533 2626 θυσίαν
560 2565 652 2628 ἐποίει
681 2574 716 2649 τῇ
741 2567 803 2642 θεῷ
827 2564 877 2626 καὶ
904 2564 1012 2638 πάντες
1042 2598 1087 2608 -
1109 2599 1153 2608 -
1178 2599 1219 2608 -
1253 2571 1384 2646 μετεῖχον
1408 2575 1461 2645 τῆς

148 2663 262 2744 ἑορτῆς·
286 2669 403 2744 παρεῖχε
427 2661 459 2724 δὲ
482 2660 501 2742 ἡ
525 2662 597 2736 θεὸς
619 2669 694 2736 τοῖς
717 2671 916 2743 σκηνοῦσιν
939 2660 1062 2742 ἄλφιτα,
1085 2660 1206 2744 ίίρτους,
1230 2657 1329 2742 οίνον,
1352 2663 1461 2745 τρυγή-

149 2785 235 2841 ματα,
268 2763 427 2823 manifesto
460 2763 614 2840 epulantes
647 2762 732 2838 dicit3
766 2764 801 2821 of.
824 2765 981 2838 praeterea
1008 2763 1044 2822 de
1067 2781 1127 2837 rep.
1147 2763 1220 2822 Luc.
1246 2764 1274 2837 5,
1290 2765 1323 2838 2,
1353 2763 1458 2838 Ομτομ.

147 2861 180 2920 H
204 2862 266 2935 3,1
293 2854 364 2943 (τὴν
386 2859 501 2939 σκηνὴν
524 2859 567 2932 είς
589 2860 693 2938 κοίτην
717 2852 862 2942 δτίλυον);
893 2861 979 2934 3,·22
1004 2853 1091 2940 (ὅταν
1113 2857 1194 2932 τέλος
1216 2855 1235 2938 ἡ
1262 2858 1358 2939 σκηνὴ
1383 2855 1460 2942 ἔχη);

148 2957 195 3018 ΠΙ
220 2962 250 3034 2,
265 2961 305 3018 25
340 2951 553 3040 (συνδείπνους
582 2957 685 3038 ἔλαβεν
716 2955 903 3038 ἀμφοτέρους
935 2956 1010 3037 πρὸς
1041 2956 1147 3018 ἑαυτὸν
1180 2954 1220 3029 ὡς
1249 2958 1355 3035 φίλους
1386 2954 1459 3036 ἤδη·

148 3056 381 3135 συσκηνούντων
409 3053 441 3118 δὲ
468 3049 532 3116 elui
557 3078 602 3129 τις
625 3048 714 3137 nrt),
740 3057 784 3116 IV
805 3057 868 3132 5,8
893 3058 948 3115 etc.
994 3055 1107 3114 Eadem
1135 3056 1230 3134 igitur
1251 3059 1283 3115 vi
1309 3057 1341 3114 in
1371 3056 1460 3116 titulo

148 3155 256 3216 Elateo
281 3159 388 3216 σκυνέν
411 3157 590 3231 usurpatum
613 3173 676 3214 esse
699 3173 804 3214 censeo
828 3156 1028 3214 strationem
1051 3154 1125 3232 legis
1148 3139 1193 3214 ita
1216 3155 1411 3231 interpretor:
1434 3156 1461 3214 si

149 3255 216 3329 quis
240 3253 437 3328 sacrifaverit,
460 3272 563 3313 earnes
586 3272 623 3313 ne
646 3252 768 3313 domum
786 3254 949 3328 asportato,
973 3251 1024 3312 sed
1045 3253 1208 3312 tentorium
1226 3251 1327 3327 facito,
1351 3271 1389 3312 so.
1409 3253 1461 3312 ubi

148 3352 275 3429 epulans
298 3335 366 3412 illas
389 3350 534 3411 comedat.
577 3349 660 3421 Quod
684 3351 709 3410 si
732 3355 812 3410 reete
834 3351 940 3424 stetui,
962 3352 1096 3426 proxime
1120 3350 1157 3410 ad
1179 3351 1258 3410 hanc
1279 3351 1461 3411 locutionem

148 3449 262 3508 aceedit
286 3448 449 3509 δοινύσθων
473 3451 620 3510 fastomm
643 3440 883 3529 Myconioruml)
907 3451 938 3508 et
960 3452 1101 3527 θοινῆτοκ
1123 3449 1207 3508 tituli
1231 3448 1341 3508 Rhodii
1360 3440 1461 3529 (Prote

148 3547 235 3607 Fasti
258 3567 287 3606 n.
308 3548 348 3606 23
372 3595 373 3600 ,

237 3540 365 3724 μυναῖκοί
388 3643 428 3723 μὴ
452 3634 653 3724 πυρίμενευτ
675 3644 826 3703 nonnullis
850 3643 942 3704 sceris
965 3644 1055 3719 viros,
1078 3642 1135 3718 sic,
1158 3662 1340 3721 quamquam
1363 3646 1460 3705 rarius

62 3825 67 3839 ι
150 3761 303 3803 occurrere
326 3743 454 3818 videtur,
479 3743 656 3820 quibusdam
679 3741 818 3802 mulieres
842 3742 975 3801 exclusas
1000 3759 1062 3801 esse
1086 3745 1216 3818 constat,
1243 3743 1378 3819 exempla
1401 3744 1460 3802 eol·

149 3841 226 3919 legit
249 3840 367 3900 Lobeek
389 3841 533 3916 Aglaopb.
557 3861 585 3917 p.
607 3841 702 3916 1096,
726 3842 762 3900 ef.
782 3839 873 3900 etiam
896 3840 1017 3898 n.105.

239 4043 289 4100 80.
321 4043 492 4115 Fragmenta
510 4044 566 4100 duo
585 4045 731 4100 marmoris
751 4043 879 4112 candidi,
907 4061 1024 4112 quornm
1044 4044 1165 4099 alterum
1187 4045 1280 4114 ipsum
1299 4061 1411 4114 quoque
1430 4044 1459 4099 in

148 4125 219 4180 duae
243 4128 339 4194 partes
361 4124 483 4180 fractum
506 4127 561 4192 est,
588 4125 703 4179 inventa
725 4125 755 4178 in
775 4124 846 4180 colle
865 4125 1013 4180 Ρτίτοίοττο
1035 4125 1275 4181 interdictorem
1297 4126 1326 4180 et
1344 4126 1461 4182 Ρυίοοο

146 4221 249 4278 μμτμοε
267 4205 304 4258 ad
323 4205 415 4259 einum
433 4205 623 4276 Pagasaeum,
646 4205 697 4258 ubi
716 4205 784 4260 olim
802 4204 936 4274 Korope
954 4203 1022 4273 fuit,
1042 4221 1115 4259 anno
1136 4209 1204 4260 1899
1224 4207 1337 4260 auctore
1356 4205 1460 4260 Kernio

147 4285 177 4339 in
200 4285 380 4356 gymnasium
399 4284 521 4340 Volenee
548 4288 753 4355 transportnta;
781 4285 856 4339 infra
883 4285 958 4339 huno
985 4285 1100 4341 titulum
1127 4304 1154 4340 n.
1174 4291 1216 4339 81.
1253 4284 1323 4338 Edd.
1348 4283 1461 4356 Lolling

149 4367 235 4421 MAI
249 4365 300 4420 VH
318 4368 410 4436 (1882)
429 4384 455 4434 p.
471 4370 580 4436 ttsqq,
599 4364 705 4420 Michel
724 4367 837 4422 Βιουοίί
854 4370 915 4433 842,
935 4364 1134 4438 Dittenberger
1147 4364 1231 4436 Syll!
1250 4368 1308 4419 790.
1338 4363 1459 4435 Iapides

147 4447 284 4517 purgetne
304 4445 396 4500 denuo
415 4445 536 4501 eontulit
553 4445 629 4501 Korn
645 4446 819 4516 (F'eetacbrs'st
835 4463 872 4500 τυ
892 4445 922 4501 0.
938 4446 1113 4514 Hirschfelder
1131 4451 1174 4501 60.
1191 4445 1369 4514 Geourcraoe
1388 4448 1460 4500 1903

147 4544 174 4596 p.
190 4527 322 4596 ttquq.)
341 4526 421 4581 ouius
440 4525 574 4582 lectiones
593 4525 798 4581 emendatiores
817 4525 966 4595 pleraeque
984 4525 1089 4581 tacitus
1108 4525 1214 4596 recepi;
1233 4524 1309 4580 idem
1327 4525 1460 4596 ectypum

238 4688 264 4757 7)
293 4685 328 4740 ef.
347 4692 424 4741 n.48
444 4690 473 4742 et
492 4687 624 4757 quesibi
643 4685 737 4742 attuli.

238 4769 265 4837 8)
293 4767 369 4837 apud
388 4767 463 4822 hunc
482 4767 616 4821 nimirum
634 4767 806 4822 consuetudo
825 4765 946 4820 militiae
966 4765 1088 4821 valebat.

238 4848 265 4917 9)
293 4847 374 4902 Proui
396 4865 422 4900 n.
438 4852 455 4900 4
473 4864 498 4900 v.
514 4853 547 4902 25
571 4847 620 4901 Διί
638 4843 768 4901 Χθονίου
787 4849 842 4915 lile
860 4842 986 4916 Χθονίηι
1009 4845 1094 4915 depr&
1112 4843 1218 4916 μέλανα
1241 4844 1349 4914 ἐτήσια·
1378 4843 1460 4909 ξένοι

149 4927 182 4984 οὐ
200 4925 295 4996 θέμις·
316 4927 482 4983 δαινύσθων
501 4927 598 4997 αὐτοῦ,
616 4927 685 4982 item
703 4945 728 4982 v.
744 4931 786 4981 28.
