3426 5462
670 353 907 409 aurisinae
1307 326 1310 336 '
1422 353 1442 417 9

131 524 286 584 Minervae
309 524 347 582 ab
370 523 602 584 Atheniensibus
626 523 740 582 nullam
763 522 910 582 rationem
932 522 1066 582 habitam
1095 541 1157 583 esse
1184 523 1240 582 hac
1268 524 1334 601 lege
1363 524 1445 600 equi-

131 623 199 681 dem
223 623 337 682 invitus
360 620 549 698 crediderim3
574 621 704 697 amphus
725 621 874 698 igiturde
893 621 1032 682 hocloco
1052 621 1212 680 videndum
1232 622 1296 681 erit.
1334 620 1445 682 Contra

131 741 159 780 u.
187 723 207 779 4
236 721 276 779 in.
312 717 496 796 Ποσειδ]ῶνι
534 723 647 779 certum
683 719 802 778 ridetur
840 719 1122 795 commendaturque
1160 721 1295 796 sequenti
1327 720 1444 780 Dianae

131 819 298 878 mentione:
321 819 357 877 cf.
376 815 464 879 Psus.
484 817 507 895 I,
524 819 576 892 38,
588 818 620 875 6:
641 809 834 888 Ἐλευσινίοις
857 814 888 876 di
907 814 968 876 ἐστι
990 813 1043 895 pic
1065 815 1263 897 Τριπτολέμου
1282 817 1363 893 ναός,
1386 816 1446 878 ἔστι

131 915 164 976 δὲ
189 917 383 998 Προπυλαίας
404 908 571 995 Ἀρτέμιδος
594 912 646 974 καί
669 913 860 987 Ποσειδῶνος
883 913 1010 996 Πατρός.

226 1009 440 1097 Τρι[ιιτολίμῳ]
466 1016 496 1073 et
515 1033 593 1090 sqq.3
616 1013 653 1072 de
676 1014 722 1073 dis
741 1013 902 1074 Eleusiniis
921 1015 1086 1091 hostiisque
1104 1017 1142 1074 iis
1161 1015 1352 1075 immolandis
1372 1018 1444 1077 alte·

130 1117 196 1172 rius
221 1133 338 1190 qnoque
361 1113 446 1172 tituli
468 1112 673 1171 testimonium
697 1115 779 1170 extat
809 1114 1032 1189 gravissimum,
1061 1113 1210 1172 decretum
1238 1115 1275 1172 de
1301 1117 1444 1191 primitiis

130 1213 286 1272 fluctuum
314 1211 457 1271 Eleusina
489 1209 673 1285 dedicandis,
706 1213 793 1270 ouius
825 1211 898 1270 haec
930 1214 1001 1271 sunt
1032 1211 1211 1272 conferenda
1242 1212 1334 1272 verbs
1357 1206 1398 1295 (n.
1424 1216 1444 1272 4

130 1330 159 1369 v.
186 1301 348 1392 ³6-46):
374 1308 463 1370 θύειν
491 1305 523 1368 δὲ
550 1305 609 1368 ἀπὸ
638 1304 692 1386 μὲν
714 1315 767 1368 τοῦ
794 1311 922 1368 πελανοῦ
951 1307 1058 1370 καθότι
1086 1305 1124 1369 ἂν
1147 1308 1337 1388 Εὐμολπίδαι
1365 1306 1445 1391 [ἔξη-

130 1403 274 1489 γῶλται,
301 1408 446 1489 ιρίττοιυν
474 1403 506 1467 di
534 1405 683 1486 βοόαρχον
710 1405 896 1488 χρυσόκερων
927 1412 992 1468 τοῖν
1022 1408 1110 1468 Θεοῑν
1138 1405 1270 1487 ἑκατέρου
1297 1405 1355 1469 ἀπὸ
1385 1417 1445 1470 τῶν

130 1511 250 1586 κριθῶν
272 1503 404 1566 κολιῶν
427 1513 531 1586 πυρῶν
555 1502 605 1565 nal
623 1513 675 1564 τῶι
697 1493 895 1585 Τριπτολὲριωι
917 1504 966 1566 καλ
989 1513 1041 1566 τῶι
1064 1507 1139 1566 Θεῶι
1162 1503 1212 1566 καί
1235 1515 1283 1586 rip
1305 1507 1377 1568 Θεᾶι
1395 1504 1444 1568 καί

130 1613 184 1666 τῶι
208 1602 368 1682 Εὐβούλου
398 1603 504 1682 ἱερεῖον
531 1599 654 1664 ἑκάστων
682 1600 789 1663 τέλειον
816 1601 866 1663 κοιλ
893 1613 941 1681 τῆι
960 1595 1120 1681 Ἀθηναίωι
1149 1603 1225 1681 βοῦν
1251 1601 1444 1686 χρυσόκερων.

131 1702 208 1762 Cum
232 1702 278 1760 his
302 1706 337 1761 ut
358 1705 462 1761 nostra
490 1702 537 1760 lex
561 1703 712 1777 concinat,
738 1701 835 1779 primo
863 1721 950 1762 nemo
978 1722 1038 1762 non
1069 1702 1184 1763 efficere
1207 1702 1382 1779 temptabit,
1412 1705 1445 1762 at

129 1802 282 1860 diversam
304 1800 391 1876 prodi
415 1802 520 1860 seriem
539 1801 662 1861 deorum
684 1819 752 1859 mox
775 1801 937 1880 intelleget.
983 1799 1153 1876 Principale
1173 1819 1243 1861 sane
1266 1801 1444 1861 sacrificium

130 1899 234 1960 Cereri
257 1901 288 1959 et
310 1898 507 1975 Proserpinae
530 1898 712 1976 faciundum,
735 1898 861 1976 τρίττοιυ
883 1897 1038 1978 βούαρχος,
1062 1898 1223 1975 utrubique
1248 1899 1333 1959 adest
1353 1901 1445 1976 atque

130 1999 226 2058 etiam
249 1997 434 2073 Triptolemo
462 1996 511 2056 bio
538 1999 572 2055 ut
598 1996 661 2056 illic
691 1997 819 2056 bostiam
847 1997 966 2056 decerni
992 1997 1163 2056 litterarum
1189 1985 1333 2074 reliquiae
1365 1999 1444 2059 clare

129 2095 275 2155 indicant.
283 2086 321 2176 ¹⁶)
360 2092 471 2154 Contra
493 2095 604 2153 inferos
622 2094 690 2153 illos
712 2094 790 2170 deos,
809 2095 906 2154 Deum
925 2095 1077 2171 Deumque
1097 2099 1128 2154 et
1145 2095 1305 2171 Eubulum,
1323 2099 1443 2156 nostrae

130 2196 194 2272 legi
218 2193 301 2252 nullo
324 2193 412 2252 modo
435 2195 527 2252 inseri
549 2212 636 2268 posse
659 2193 754 2252 cuivis
777 2195 939 2269 temptanti
962 2193 1050 2253 facile
1075 2194 1240 2270 apparebit.
1286 2194 1444 2255 Plutonem

130 2310 217 2366 vero,
246 2311 333 2367 quern
361 2291 424 2350 illio
451 2291 565 2351 frustra
590 2292 783 2368 requirimus,
813 2292 861 2350 hic
889 2309 1041 2352 occurrere
1065 2295 1178 2352 certum
1201 2293 1332 2370 videtum
1364 2293 1442 2353 alius

132 2390 253 2467 quidem
282 2389 330 2449 dei
357 2407 465 2448 nomen
493 2393 605 2466 aptum,
635 2389 714 2466 quod
740 2390 829 2448 initio
852 2410 879 2448 r.
901 2391 919 2448 5
945 2390 1137 2462 restituetur,
1168 2392 1297 2450 inveniri
1329 2395 1443 2468 nequit.

127 2487 295 2548 Maioribus
314 2489 462 2566 angustiis
480 2488 669 2564 implicamur
688 2480 836 2563 lacunam,
860 2507 935 2564 quae
956 2491 1002 2548 est
1019 2490 1098 2548 inter
1118 2487 1274 2548 Πλούτωνι
1294 2493 1323 2548 et
1345 2489 1443 2568 Θεοῐν,

130 2586 349 2666 aggredientes.
386 2585 509 2645 Litteris
525 2587 604 2644 enim
619 2575 698 2645 ΧΟΙ
715 2589 784 2645 ante
801 2587 890 2646 Θεοῑν
906 2588 1032 2646 servatis
1047 2586 1168 2646 adducti
1183 2591 1213 2646 et
1227 2587 1263 2645 h.
1278 2587 1443 2650 Mommsen

129 2689 161 2744 et
175 2685 357 2744 Lenormant
373 2676 473 2768 Ἰόκχῳ
487 2685 625 2761 legerunt
639 2684 834 2760 omnibusque
853 2685 926 2744 olim
944 2684 1221 2761 comprobaverunt.
1259 2685 1325 2744 lam
1342 2685 1444 2746 Iacchi

129 2785 251 2842 nomine
274 2783 413 2860 suppleto
437 2800 504 2842 cum
527 2782 653 2840 duarum
677 2783 724 2842 vel
751 2786 844 2842 trium
872 2785 1001 2859 supersit
1026 2784 1198 2842 litterarum
1221 2785 1352 2860 spatium
1375 2789 1444 2862 post

129 2876 170 2942 Δ
195 2880 386 2954 antecedens,
414 2899 467 2939 nec
490 2899 561 2939 vero
589 2869 801 2956 de'particula
829 2878 861 2941 δέ
884 2883 1011 2960 eogitari
1034 2884 1139 2958 utpote
1165 2901 1183 2940 a
1208 2882 1283 2960 legis
1313 2883 1443 2943 dictione

130 2980 232 3040 aliena
255 2996 350 3054 neque
371 2978 488 3038 hostiae
512 2979 604 3038 ullius
627 2999 743 3053 nomen,
771 2998 831 3057 quo
854 2980 964 3040 lacuna
987 2980 1155 3055 expleatur,
1183 2981 1312 3040 inveniri
1339 2983 1443 3057 possit,

128 3079 319 3152 relinquitur,
342 3077 474 3136 simodo
493 3079 699 3155 scripserimus
718 3070 833 3160 Ἰολκχῳ,
855 3080 892 3136 ut
909 3073 1138 3154 praemittamus
1157 3077 1216 3138 Διί.
1264 3077 1313 3137 Sic
1332 3082 1443 3154 autem,

129 3178 194 3235 sive
217 3173 375 3236 Πλούτωνι
397 3174 451 3234 Διί
473 3175 535 3234 sive
558 3173 609 3234 Διλ
629 3169 730 3260 Ἰόκχρι
754 3175 947 3251 coniunxeris,
971 3195 1034 3236 esse
1057 3177 1137 3253 quod
1161 3195 1302 3256 magnam
1325 3176 1442 3237 dubita·

128 3273 243 3332 tionem
262 3277 317 3332 aut
335 3272 528 3332 offensionem
546 3278 740 3348 commoveat,
761 3276 853 3350 patet.
862 3267 900 3356 17)
937 3274 1044 3350 Itaque
1064 3293 1131 3334 curn
1149 3275 1351 3335 meminissem
1369 3295 1442 3334 nun·

130 3390 237 3448 qum,
268 3389 306 3430 ne
333 3373 496 3431 recentiore
524 3371 645 3447 quidem
673 3375 785 3446 aetate,
816 3371 957 3433 Iacobum
980 3373 1120 3432 Eleusine
1148 3375 1217 3449 ipsa
1243 3374 1356 3432 cultum
1380 3392 1441 3434 esse

129 3488 229 3545 neque
247 3471 279 3528 in
298 3469 393 3528 altero
411 3469 464 3528 illo
484 3469 601 3530 decreto
619 3470 752 3530 florentis
771 3469 872 3530 Iacchi
890 3472 987 3532 cultus
1002 3471 1186 3546 temporibus
1201 3472 1312 3549 scripto
1326 3473 1443 3550 respici,

129 3568 262 3628 conclusi
290 3567 378 3627 huius
406 3567 454 3628 dei
482 3586 589 3628 nomen
611 3587 732 3644 prorsus
763 3590 778 3626 e
807 3572 910 3630 nostra
932 3571 997 3648 lege
1022 3569 1237 3629 eliminandum
1268 3589 1302 3628 ac
1324 3571 1442 3631 litteras

129 3667 163 3725 b.
180 3681 270 3739 ..χοι
293 3668 382 3726 unius
407 3684 470 3726 esse
493 3666 577 3726 verbi
604 3669 763 3743 procerte
790 3667 889 3727 habui.
935 3668 980 3726 Ac
1007 3686 1169 3748 cognomen
1197 3667 1315 3744 quidem
1340 3669 1443 3728 Pluto·

129 3755 226 3844 niam)
249 3763 343 3823 latere
365 3765 429 3841 ipse
451 3765 483 3823 in
503 3763 712 3824 dissertatione
735 3765 917 3826 conieceram
937 3769 968 3825 et
986 3769 1151 3826 statueram
1169 3765 1302 3845 τρίιτοαν
1320 3765 1443 3826 Plutoni

130 3860 231 3920 Cereri
255 3861 451 3955 Proserpinae
474 3862 540 3921 fieri
562 3862 737 3922 hasidam
759 3863 900 3939 trinitati,
920 3883 996 3940 quae
1019 3864 1149 3940 primum
1171 3865 1283 3940 hymno
1305 3867 1338 3923 in
1359 3864 1442 3925 Gera-

128 3979 192 4019 rem
215 3961 405 4039 cognoscitu
432 3963 463 4020 et
486 3961 578 4020 etiam
600 3961 704 4021 multis
728 3961 814 4021 annis
838 3965 907 4038 post
933 3963 1032 4021 locum
1061 3980 1147 4021 suurn
1170 3962 1302 4022 obtinuit
1324 3955 1442 4045 (1611

130 4057 222 4118 8341>
241 4056 296 4116 ool.
307 4055 338 4116 11
352 4077 379 4119 v.
391 4059 432 4118 46
452 4055 562 4140 ἕποιρχὴ
578 4056 716 4141 Δήμητρι
732 4056 783 4118 καί
795 4057 893 4138 Κόρηι
912 4057 961 4118 καί
976 4057 1146 4120 Πλούτωνα
1166 4054 1261 4140 329ίὸ
1276 4079 1301 4119 a.
1313 4059 1380 4119 cnr.
1390 4060 1441 4134 n).

129 4155 279 4216 Assensns
303 4158 348 4214 est
370 4156 457 4216 Prott
480 4159 511 4216 et
535 4159 735 4217 coniecturam
762 4159 879 4217 felicem
902 4157 1105 4217 Rubensohnii
1133 4159 1251 4218 secutus
1279 4176 1442 4236 cognomen

128 4251 256 4333 Δόλιχος
278 4253 370 4313 baisse
394 4255 596 4332 scriptumque
620 4249 786 4336 Πλούτο]νι
805 4249 954 4336 Δ[ολί]χοι
977 4255 1035 4314 sibi
1057 4257 1207 4332 persuasit
1226 4259 1256 4315 et
1275 4259 1345 4332 quia
1363 4258 1442 4317 inter

128 4349 222 4412 verba
250 4349 362 4412 Graeca
391 4365 479 4412 sensu
507 4357 580 4431 apta
611 4354 727 4413 nullum
755 4355 838 4414 aliud
866 4355 1004 4414 lacunam
1032 4354 1163 4430 expleret
1193 4358 1223 4413 et
1251 4357 1322 4431 quia
1349 4355 1441 4416 fuisse

203 4551 248 4619 16)
267 4564 331 4604 cum
349 4547 523 4619 Triptolemo
542 4549 589 4604 hic
609 4549 808 4622 Τιλεσιδρόρος
825 4550 907 4606 heros
926 4551 1043 4620 quidam
1061 4551 1234 4621 agonisticus
1253 4551 1441 4622 coniungitur,

126 4645 222 4698 neque
245 4630 319 4683 enim
339 4629 369 4683 id
391 4646 546 4700 cognomen
565 4629 733 4701 Triptolemi
756 4647 816 4686 esse
834 4631 1005 4686 ltnbensohn
1024 4632 1042 4686 l.
1057 4649 1081 4686 c.
1100 4651 1127 4702 p.
1143 4637 1176 4686 33
1196 4631 1303 4701 optime
1327 4633 1441 4699 statuit;

126 4710 210 4764 Prott
228 4712 306 4765 reete
324 4711 500 4780 comparavit
519 4711 677 4782 Είίσρομον,
695 4712 782 4766 heroa
801 4713 887 4766 stadii
906 4711 1037 4782 Delphici
1060 4727 1150 4782 nuper
1172 4713 1316 4782 cognitum
1335 4715 1372 4783 (n.
1388 4715 1439 4783 tt).

203 4793 249 4858 17)
268 4790 392 4860 spatium
411 4790 530 4846 lacunae
549 4793 573 4846 si
593 4792 681 4847 artius
701 4791 756 4847 dno
776 4793 835 4847 iota
855 4793 993 4848 collocata
1012 4809 1114 4860 sumas,
1134 4793 1179 4846 vix
1198 4792 1301 4846 obstat.

203 4874 247 4940 18)
267 4872 435 4942 cognomina
460 4872 521 4926 eins
544 4873 674 4927 inaudita
696 4889 753 4928 non
777 4875 854 4928 sunt:
874 4873 956 4929 Cnidi
972 4869 1126 4945 Έπίμαρος
1144 4872 1226 4928 audit
1245 4873 1331 4930 leison
1351 4875 1385 4943 of
1398 4874 1440 4930 tho

128 4953 204 5007 Brit.
228 4953 303 5006 Mas.
322 4949 361 5004 IV
376 4960 400 5020 1,
411 4959 472 5007 tlt.
