3424 5462
691 336 873 392 EUBOICAE
892 355 918 391 n.
935 342 968 391 88
1417 339 1486 404 255

169 517 282 567 παιᾶνα
300 505 350 567 καλ
369 506 476 585 ὕμνον,
495 505 575 578 ὅπως
593 503 741 566 άιδωντι
765 505 801 566 οἱ
820 505 945 578 παῖδες
969 513 1016 565 τᾶν
1034 506 1140 566 θυσίαι
1160 515 1218 567 τῶν
1240 506 1412 585 Θεοξενίων,
1436 504 1484 588 ἀγ.

169 605 254 684 τύχαι
281 603 423 684 δεδόχθαι
452 613 499 663 ιᾶι
526 604 621 664 πόλει·
650 601 705 682 τδμ
733 599 786 682 μὲν
809 603 1058 683 χοροδιδάσκαλον
1081 602 1132 664 τὸν
1154 605 1220 664 κατ’
1244 603 1381 665 ἐνιαυτόν
1403 604 1483 685 γινό-

170 725 261 781 μενον
285 702 436 763 διδάσκειν
459 699 529 774 τοὺς
552 701 661 774 παῖδας
683 699 715 761 τό
739 723 768 762 τε
791 699 941 762 ποθόδιον
959 699 1009 761 καλ
1032 699 1085 779 τὸμ
1108 709 1220 761 παιᾶνα
1244 700 1294 761 καλ
1316 702 1368 764 τὸν
1386 701 1486 780 ὕμνον

168 798 218 861 καλ
242 799 369 881 εἰσάγειν
392 804 454 873 τοῖς
475 799 640 873 Θεοξενλοις
663 803 722 860 κτλ.
746 799 777 860 et
795 800 917 860 Deliaco
942 793 1064 880 (Michel
1086 801 1147 859 162
1171 793 1258 876 Syll!
1277 794 1356 883 721)
1379 799 1482 878 ἐπειδὴ

165 892 342 978 Ἀμφικλῆς,
366 896 507 976 μουσικὸς
530 895 580 957 καὶ
602 901 697 976 μελῶν
720 896 844 976 ποητής,
869 894 1023 976 ἀκροάσεις
1045 895 1095 957 καλ
1118 897 1237 970 πλείους
1263 896 1409 976 ἕποήσατο
1431 895 1499 958 rol·

168 995 331 1076 προσόδιον
352 995 473 1076 γράψας
496 991 614 1072 ἐμμελὲς
637 994 678 1068 εἰς
702 993 756 1073 τὴν
779 993 867 1055 πόλιν
889 993 959 1068 τοός
977 1016 1006 1055 τε
1022 993 1117 1067 θεοὺς
1135 995 1205 1068 τοὺς
1227 995 1283 1074 τὴν
1301 1005 1395 1074 νῆσον
1412 1019 1481 1055 και-

168 1091 288 1173 ἐχοντας
314 1091 365 1153 καλ
392 1090 444 1152 τόν
472 1093 570 1171 δῆμον
597 1092 649 1154 τὸν
673 1085 847 1171 Ἀθρναίοιν
875 1092 1022 1172 ὕμνησεν,
1055 1090 1219 1176 ἐδίδαξεν
1247 1090 1284 1153 δὲ
1314 1091 1373 1154 καλ
1400 1091 1486 1165 τοὺς

168 1200 237 1252 τῶν
264 1195 417 1252 πολιτῶν
445 1191 576 1262 παῖδας
603 1189 690 1270 πρὸς
717 1190 827 1269 λύραν
855 1189 891 1251 τὸ
920 1188 1023 1270 μέλος
1050 1188 1168 1251 άιδειν
1190 1195 1259 1252 κτλ.
1305 1192 1391 1252 Unde
1414 1211 1484 1252 ecn-

167 1290 255 1350 cludo
278 1287 477 1368 ἀγωνίζεσθαι
498 1288 660 1370 προσόδιον
684 1308 718 1348 eo
741 1290 986 1367 pertinuissent
1009 1289 1137 1349 artifices
1160 1295 1226 1349 tum
1248 1292 1308 1368 ipsi
1326 1294 1483 1368 poetarum

165 1390 233 1448 rice
255 1388 343 1465 fungi
367 1386 508 1446 deberent
531 1389 561 1446 et
583 1387 663 1446 inter
685 1375 721 1446 se
739 1390 901 1461 certarent,
929 1389 1084 1447 cuiusnam
1104 1387 1218 1465 ποίημα
1241 1389 1273 1446 in
1296 1387 1440 1448 sacrificio
1464 1406 1486 1447 a

166 1486 268 1562 pueris
287 1485 335 1545 rel
353 1485 462 1561 puellis
482 1487 646 1544 caneretur.
683 1485 784 1560 Atque
798 1485 828 1543 in
845 1484 1009 1561 Thespiaca
1024 1486 1143 1562 quidem
1157 1486 1248 1545 titulo
1264 1478 1387 1567 (Michel
1402 1477 1482 1567 892)

166 1583 246 1642 inter
268 1585 397 1643 victores
416 1583 611 1642 certaminum
629 1583 794 1659 principem
812 1584 911 1642 locum
929 1586 1013 1642 tenet
1030 1583 1156 1662 ποιητὴς
1174 1584 1345 1662 προσοδίου.
1382 1583 1483 1643 Unum

166 1681 244 1740 illud
267 1679 379 1753 πάντας
401 1680 491 1740 uerbo
515 1677 712 1759 ἀγωνίζεσθαι
736 1681 917 1740 attn‘butum
943 1681 1118 1756 scrupulum
1145 1684 1259 1756 moret,
1286 1695 1357 1740 nam
1380 1700 1485 1742 omnes

166 1779 323 1853 mehercle,
347 1777 399 1855 qui
421 1778 453 1836 in
476 1781 638 1838 certamine
661 1781 774 1839 musico
799 1779 925 1838 existere
949 1778 1098 1854 solebant,
1123 1780 1241 1839 eosdem
1262 1781 1367 1856 poetas
1390 1780 1485 1839 fuisse

167 1879 400 1936 consentaneum
422 1894 482 1935 non
506 1881 559 1936 est.
604 1877 649 1936 Ae
671 1881 771 1952 potest
795 1877 920 1938 fortasse
943 1878 975 1935 in
999 1879 1180 1937 contrariam
1207 1882 1324 1954 partem
1347 1877 1482 1937 adhiberi

167 1975 259 2035 schol.
272 1975 365 2034 Arist.
379 1975 435 2034 Ar.
452 1975 516 2033 853
540 1973 684 2052 προσόδια
707 1972 742 2034 τὰ
765 1973 806 2047 εἰς
829 1973 1011 2055 πανηγύρεις
1033 1983 1093 2034 τῶν
1116 1979 1198 2035 θεῶν
1215 1973 1366 2053 ποιήματα
1389 1972 1485 2054 παρδι

127 2112 130 2118 1
166 2080 237 2132 τῶν
260 2076 417 2151 λυρικῶν
440 2071 590 2152 λεγόμενα.

258 2170 293 2228 V.
315 2173 427 2246 14sqq.
455 2169 491 2229 de
519 2171 650 2247 pretiis
683 2173 799 2250 agitur,
832 2189 907 2247 quae
937 2171 1076 2230 omniae
1104 2171 1169 2231 sola
1196 2173 1323 2248 pecunie
1346 2174 1484 2232 constare

166 2263 334 2328 notandum
363 2273 415 2328 est.
467 2267 605 2328 (laterum
632 2269 819 2346 singulorum
848 2288 964 2328 summa
995 2270 1079 2329 1035
1108 2269 1279 2346 drachmas,
1309 2289 1370 2329 non
1396 2271 1485 2330 1000

168 2365 269 2441 efficit,
292 2386 369 2443 qnae
394 2385 485 2444 supra
507 2387 534 2425 v.
555 2369 658 2426 rerer.
683 2368 914 2428 constItuuntur.

257 2463 292 2522 V.
310 2467 351 2523 22
375 2483 442 2524 ecce
465 2467 578 2524 certum
598 2468 682 2524 extra
695 2465 831 2525 Athenas
849 2463 1024 2545 προάγωνος
1043 2465 1212 2542 exemplum
1229 2466 1381 2526 habemus.
1419 2465 1485 2524 Nec

166 2582 238 2621 vero
261 2564 340 2622 reete
363 2563 461 2622 editor
487 2562 642 2622 contendit
669 2566 819 2623 certamen
842 2563 902 2623 dici
925 2562 963 2621 ad
986 2567 1105 2639 partem
1132 2565 1365 2622 concertantium
1390 2565 1482 2622 musi·

167 2679 269 2720 corum
293 2661 507 2720 eliminandam
529 2661 713 2736 institutum,
736 2663 827 2720 immo
851 2665 886 2720 ut
909 2661 1035 2720 AthenIs
1058 2662 1090 2720 in
1113 2663 1297 2738 tragicorum
1320 2663 1484 2720 certamine

167 2759 211 2818 sic
234 2759 370 2838 Eretriae
393 2777 512 2835 quoque
535 2760 682 2818 rationem
705 2757 879 2838 προάγωνος
903 2778 969 2818 eam
993 2759 1093 2833 trisse,
1117 2762 1152 2817 ut
1171 2759 1298 2818 artificas
1318 2777 1349 2818 se
1367 2758 1485 2819 civibus

166 2856 287 2933 publico
311 2859 512 2916 monstrarent
531 2863 562 2914 et
581 2875 640 2932 quo
659 2875 747 2933 opere
767 2857 911 2916 certaturi
929 2855 1037 2931 forent,
1060 2849 1345 2939 pronuntiarent¹³),
1369 2860 1485 2916 certum

167 2955 293 3014 videtur.

257 3051 293 3110 V.
309 3053 400 3128 tdsq,
420 3051 456 3110 de
480 3052 583 3110 ordine
607 3052 776 3112 certaminis
797 3071 814 3111 a
833 3052 999 3113 demarchis
1018 3054 1162 3113 servando
1182 3055 1218 3114 ef.
1238 3054 1366 3114 similem
1383 3053 1482 3113 hlero·

166 3170 312 3228 poeorum
334 3151 504 3210 Atticomnn
527 3153 709 3226 potestatem
732 3143 775 3230 (n.
799 3152 837 3209 12
861 3171 888 3210 v.
910 3153 950 3210 26
977 3156 1006 3211 et
1029 3173 1057 3211 n.
1079 3154 1119 3211 29
1144 3143 1329 3232 v.31sqq.).

258 3248 340 3318 Quae
365 3267 392 3306 r.
408 3247 536 3307 25-31
564 3251 595 3306 et
617 3267 643 3309 v.
661 3249 790 3307 34—37
816 3248 851 3307 de
875 3249 982 3309 hostiis
1007 3252 1037 3309 et
1059 3269 1170 3326 pompa
1192 3249 1427 3327 praecipiuntur,
1447 3268 1486 3309 ea

166 3350 212 3408 ita
235 3347 296 3405 fere
320 3345 521 3424 intellegenda
545 3345 633 3405 duco:
657 3343 691 3404 τὰ
715 3343 804 3425 ἱερεῖα
826 3347 938 3422 partim
960 3349 1028 3423 ipsa
1046 3366 1093 3407 res
1111 3347 1234 3424 publica
1254 3347 1423 3424 praebebat,
1445 3345 1484 3406 τὰ

168 3443 296 3523 δημόσια
318 3464 347 3503 v.
367 3444 423 3518 36,
456 3463 533 3519 quae
560 3443 592 3502 in
618 3461 729 3521 pompa
756 3444 986 3520 praecedebant,
1017 3446 1097 3504 inter
1123 3465 1159 3504 ea
1187 3443 1218 3506 τὸ
1246 3436 1483 3526 samareton),

167 3544 299 3604 hostiam
329 3559 366 3601 sc.
390 3560 462 3618 prae
491 3541 626 3601 omnibus
653 3541 877 3618 pulchritudine
909 3543 1065 3621 insignem.
1118 3541 1176 3602 Sed
1207 3545 1362 3619 praeterea
1389 3542 1483 3602 etiam

167 3641 199 3700 ολ
224 3648 329 3719 χῶροι,
356 3642 456 3716 partes
484 3639 564 3699 haud
592 3638 681 3698 dubie
708 3639 855 3716 quaedam
883 3633 1076 3723 civitatis¹⁵),
1108 3639 1199 3720 ἱερεῖα
1226 3641 1367 3719 praebere
1395 3640 1481 3700 debe-

167 3738 254 3813 bant,
278 3757 355 3814 quae
379 3737 423 3796 ite
446 3736 710 3813 comparabantur,
737 3741 773 3796 ut
796 3737 909 3817 singrdi
932 3747 1020 3817 χῶροι
1044 3741 1125 3798 certa
1154 3738 1284 3814 quadem
1306 3739 1422 3798 rati0ne
1446 3759 1481 3796 ex

167 3837 292 3896 Heraeis
320 3839 392 3895 nota
421 3827 462 3916 (r.
484 3833 539 3913 27)
567 3840 681 3896 eertum
713 3836 842 3912 quisque
873 3855 1030 3896 numerum
1060 3836 1240 3896 adducerent
1272 3835 1480 3896 adductorum·

169 3953 227 4011 que
256 3925 436 4010 examinem)
463 3933 602 3994 instituto
632 3933 663 3994 οἱ
691 3941 751 3992 τῶν
779 3933 865 4012 ἱερῶν
892 3925 1087 4015 terrram)
1116 3935 1231 4010 optima
1259 3934 1414 4012 eligerent:
1446 3931 1483 3992 ιὰ

242 4125 286 4191 13)
318 4121 417 4176 Rohde
446 4123 544 4176 Rbein.
570 4123 645 4176 Mae.
670 4120 811 4175 XXXVIII
835 4124 925 4192 (1883)
953 4140 980 4191 p.
1001 4127 1051 4176 ttl
1063 4139 1123 4191 sqq.
1153 4123 1264 4192 (Ιῡοόκε
1291 4121 1428 4188 Schriften
1455 4119 1482 4174 11

167 4221 197 4272 p.
215 4207 264 4256 381
272 4205 352 4272 sqq.).

242 4285 284 4352 14)
313 4284 366 4337 hoc
386 4281 593 4336 substantivum
611 4281 641 4334 in
660 4282 760 4336 ceteris
778 4281 889 4352 legibus
908 4300 965 4337 non
983 4283 1118 4349 occurrit,
1143 4283 1264 4336 occmrit
1282 4281 1397 4336 verbum
1415 4283 1481 4334 καλ-

168 4362 314 4428 λιστεύειν,
334 4363 389 4416 vid.
404 4363 527 4416 indicem
547 4379 567 4416 s.
582 4380 607 4416 v.

242 4445 286 4512 15)
314 4459 402 4512 pagos
421 4442 594 4497 EretrIenses
612 4443 654 4496 ita
673 4442 731 4496 dici
751 4443 878 4512 speciosa
897 4446 939 4496 est
958 4441 1115 4497 Wilhelmii
1135 4443 1297 4497 coniectura
1316 4441 1483 4496 confirmata

169 4522 280 4577 duobus
299 4523 384 4576 Asiae
404 4522 538 4593 exemplis
557 4521 776 4592 (Wadd.-Lebas
798 4528 866 4577 1745
885 4525 914 4576 et
932 4523 1128 4594 Δειλ-Εμόγν.
1146 4526 1221 4579 Mitt.
1242 4523 1292 4576 XX
1310 4540 1338 4592 p.
1354 4524 1411 4591 13),
1430 4521 1481 4575 sed

168 4604 310 4672 repugnat
327 4602 358 4654 ni
378 4601 461 4656 lallor
479 4619 580 4657 nomen
600 4601 748 4676 δήμαρχοι,
767 4603 796 4656 in
816 4603 915 4656 eodem
932 4600 1017 4656 titulo
1035 4609 1210 4673 usurpatum.

243 4687 286 4752 10)
314 4681 459 4736 commode
482 4682 600 4751 accidIt,
627 4685 703 4752 quod
731 4683 762 4736 in
790 4682 871 4737 fastis
891 4681 954 4737 Cois
978 4683 1191 4738 accuratissima
1209 4683 1310 4736 similis
1334 4680 1482 4736 electionis

168 4762 322 4832 descriptio
340 4762 459 4832 legitur:
483 4763 564 4816 Prott
581 4781 607 4816 n.
624 4768 640 4817 t
660 4763 752 4834 (Syll.²
770 4765 833 4832 615)
852 4780 876 4815 v.
894 4769 976 4832 lsqq.

243 4845 287 4913 17)
314 4845 503 4912 perpetuusne
521 4844 705 4914 magistratus
725 4861 762 4898 en
781 4843 1020 4898 extraordinarius
1040 4845 1077 4898 ad
1096 4843 1222 4914 singulas
1241 4842 1327 4897 ferias
1343 4841 1483 4896 creandus

169 4923 285 4978 dicatur
303 4922 416 4989 dubito;
436 4923 471 4976 de
489 4939 555 4976 rooe
575 4924 637 4993 ipsa
657 4923 690 4977 cf.
710 4943 737 4978 n.
753 4928 787 4978 94
806 4940 830 4976 v.
848 4929 881 4977 10
899 4932 955 4978 τῶν
975 4923 1057 4990 ἱερῶν
1075 4921 1274 4991 προΐστασθαι.
