<?xml version="1.0" encoding="UTF-8"?>
<!DOCTYPE html PUBLIC "-//W3C//DTD XHTML 1.0 Transitional//EN"
    "http://www.w3.org/TR/xhtml1/DTD/xhtml1-transitional.dtd">
<html xmlns="http://www.w3.org/1999/xhtml" xml:lang="en" lang="en">
 <head>
  <title>
</title>
<meta http-equiv="Content-Type" content="text/html;charset=utf-8" />
  <meta name='ocr-system' content='tesseract 3.04.00' />
  <meta name='ocr-capabilities' content='ocr_page ocr_carea ocr_par ocr_line ocrx_word'/>
</head>
<body>
  <div class='ocr_page' id='page_1' title='image "./legesgraecorums00ziehgoog_0107.png"; bbox 0 0 3450 5458; ppageno 0'>
   <div class='ocr_carea' id='block_1_1' title="bbox 257 289 1050 352">
    <p class='ocr_par' dir='ltr' id='par_1_1' title="bbox 257 289 1050 352">
     <span class='ocr_line' id='line_1_1' title="bbox 257 289 1050 352; baseline 0.004 -11"><span class='ocrx_word' id='word_1_1' title='bbox 257 289 302 352; x_wconf 88' lang='grc'><strong>94</strong></span> <span class='ocrx_word' id='word_1_2' title='bbox 776 289 891 344; x_wconf 80' lang='lat' dir='ltr'>LEGES</span> <span class='ocrx_word' id='word_1_3' title='bbox 911 289 1050 344; x_wconf 78' lang='lat' dir='ltr'>SACRAE</span> 
     </span>
    </p>
   </div>
   <div class='ocr_carea' id='block_1_2' title="bbox 251 459 1617 2705">
    <p class='ocr_par' dir='ltr' id='par_1_2' title="bbox 251 459 1617 2705">
     <span class='ocr_line' id='line_1_2' title="bbox 256 459 1565 538; baseline -0.001 -19"><span class='ocrx_word' id='word_1_4' title='bbox 256 461 373 520; x_wconf 86' lang='lat' dir='ltr'><strong>cautius</strong></span> <span class='ocrx_word' id='word_1_5' title='bbox 396 459 552 538; x_wconf 85' lang='lat' dir='ltr'><strong>agendum,</strong></span> <span class='ocrx_word' id='word_1_6' title='bbox 580 479 616 519; x_wconf 92' lang='lat' dir='ltr'><strong>ne</strong></span> <span class='ocrx_word' id='word_1_7' title='bbox 643 461 758 519; x_wconf 87' lang='lat' dir='ltr'><strong>incerta</strong></span> <span class='ocrx_word' id='word_1_8' title='bbox 781 479 835 536; x_wconf 92' lang='lat' dir='ltr'><strong>pro</strong></span> <span class='ocrx_word' id='word_1_9' title='bbox 859 462 948 520; x_wconf 92' lang='lat' dir='ltr'><strong>certis</strong></span> <span class='ocrx_word' id='word_1_10' title='bbox 971 479 1179 537; x_wconf 81' lang='lat' dir='ltr'><strong>proponamus.</strong></span> <span class='ocrx_word' id='word_1_11' title='bbox 1225 459 1270 518; x_wconf 85' lang='lat' dir='ltr'><strong>Ac</strong></span> <span class='ocrx_word' id='word_1_12' title='bbox 1293 462 1422 537; x_wconf 91' lang='lat' dir='ltr'><strong>primum</strong></span> <span class='ocrx_word' id='word_1_13' title='bbox 1444 459 1565 536; x_wconf 89' lang='lat' dir='ltr'><strong>quidem</strong></span> 
     </span>
     <span class='ocr_line' id='line_1_3' title="bbox 255 557 1562 637; baseline -0.002 -19"><span class='ocrx_word' id='word_1_14' title='bbox 255 558 455 632; x_wconf 86' lang='lat' dir='ltr'><strong>statuendum,</strong></span> <span class='ocrx_word' id='word_1_15' title='bbox 479 557 552 634; x_wconf 92' lang='lat' dir='ltr'><strong>quid</strong></span> <span class='ocrx_word' id='word_1_16' title='bbox 570 576 640 618; x_wconf 85' lang='lat' dir='ltr'><strong>voce</strong></span> <span class='ocrx_word' id='word_1_17' title='bbox 664 557 746 637; x_wconf 86' lang='grc' dir='ltr'><strong><em>μερίς</em></strong></span> <span class='ocrx_word' id='word_1_18' title='bbox 769 559 817 617; x_wconf 88' lang='lat' dir='ltr'><strong>hic</strong></span> <span class='ocrx_word' id='word_1_19' title='bbox 840 559 1031 637; x_wconf 83' lang='lat' dir='ltr'><strong>significetur.</strong></span> <span class='ocrx_word' id='word_1_20' title='bbox 1073 559 1233 618; x_wconf 79' lang='lat' dir='ltr'>Nonnullis</span> <span class='ocrx_word' id='word_1_21' title='bbox 1255 557 1328 618; x_wconf 89' lang='lat' dir='ltr'><strong>locis</strong></span> <span class='ocrx_word' id='word_1_22' title='bbox 1351 557 1402 616; x_wconf 93' lang='lat' dir='ltr'><strong>ubi</strong></span> <span class='ocrx_word' id='word_1_23' title='bbox 1420 559 1492 617; x_wconf 81' lang='lat' dir='ltr'><strong>siris</strong></span> <span class='ocrx_word' id='word_1_24' title='bbox 1516 561 1562 616; x_wconf 91' lang='lat' dir='ltr'><strong>in-</strong></span> 
     </span>
     <span class='ocr_line' id='line_1_4' title="bbox 256 650 1564 738; baseline -0.002 -22"><span class='ocrx_word' id='word_1_25' title='bbox 256 657 389 735; x_wconf 82' lang='lat' dir='ltr'><strong>signibus</strong></span> <span class='ocrx_word' id='word_1_26' title='bbox 418 657 501 715; x_wconf 89' lang='lat' dir='ltr'><strong>velut</strong></span> <span class='ocrx_word' id='word_1_27' title='bbox 527 655 645 733; x_wconf 82' lang='lat' dir='ltr'><strong>regibus</strong></span> <span class='ocrx_word' id='word_1_28' title='bbox 669 655 972 716; x_wconf 67' lang='lat' dir='ltr'>Lacedaemoniorum</span> <span class='ocrx_word' id='word_1_29' title='bbox 1000 656 1150 736; x_wconf 82' lang='grc' dir='ltr'><strong><em>διμοιρίαν</em></strong></span> <span class='ocrx_word' id='word_1_30' title='bbox 1159 650 1198 738; x_wconf 69' lang='lat'><strong>¹⁴)</strong></span> <span class='ocrx_word' id='word_1_31' title='bbox 1226 675 1395 716; x_wconf 79' lang='lat' dir='ltr'><strong>concessam</strong></span> <span class='ocrx_word' id='word_1_32' title='bbox 1421 656 1564 730; x_wconf 83' lang='lat' dir='ltr'><strong>videmus,</strong></span> 
     </span>
     <span class='ocr_line' id='line_1_5' title="bbox 255 755 1563 832; baseline -0.001 -18"><span class='ocrx_word' id='word_1_33' title='bbox 255 760 371 832; x_wconf 83' lang='lat' dir='ltr'><strong>partem</strong></span> <span class='ocrx_word' id='word_1_34' title='bbox 395 773 485 830; x_wconf 90' lang='lat' dir='ltr'><strong>quam</strong></span> <span class='ocrx_word' id='word_1_35' title='bbox 507 757 598 814; x_wconf 87' lang='lat' dir='ltr'><strong>ceteri</strong></span> <span class='ocrx_word' id='word_1_36' title='bbox 620 756 699 815; x_wconf 87' lang='lat' dir='ltr'><strong>cives</strong></span> <span class='ocrx_word' id='word_1_37' title='bbox 722 755 859 814; x_wconf 78' lang='lat' dir='ltr'><strong>obtinent</strong></span> <span class='ocrx_word' id='word_1_38' title='bbox 882 756 1031 832; x_wconf 79' lang='lat' dir='ltr'>duplicem</span> <span class='ocrx_word' id='word_1_39' title='bbox 1054 757 1117 816; x_wconf 88' lang='lat' dir='ltr'><strong>sine</strong></span> <span class='ocrx_word' id='word_1_40' title='bbox 1145 755 1331 814; x_wconf 70' lang='lat' dir='ltr'><strong>dubitatione</strong></span> <span class='ocrx_word' id='word_1_41' title='bbox 1354 755 1563 832; x_wconf 82' lang='lat' dir='ltr'><strong>intellegimus.</strong></span> 
     </span>
     <span class='ocr_line' id='line_1_6' title="bbox 255 849 1617 930; baseline -0.001 -19"><span class='ocrx_word' id='word_1_42' title='bbox 255 853 298 912; x_wconf 88' lang='lat' dir='ltr'><strong>At</strong></span> <span class='ocrx_word' id='word_1_43' title='bbox 326 855 382 913; x_wconf 92' lang='lat' dir='ltr'><strong>hoc</strong></span> <span class='ocrx_word' id='word_1_44' title='bbox 410 853 475 912; x_wconf 90' lang='lat' dir='ltr'><strong>loco</strong></span> <span class='ocrx_word' id='word_1_45' title='bbox 503 870 550 912; x_wconf 89' lang='lat' dir='ltr'><strong>res</strong></span> <span class='ocrx_word' id='word_1_46' title='bbox 578 855 623 912; x_wconf 88' lang='lat' dir='ltr'><strong>ita</strong></span> <span class='ocrx_word' id='word_1_47' title='bbox 650 872 713 913; x_wconf 89' lang='lat' dir='ltr'><strong>esse</strong></span> <span class='ocrx_word' id='word_1_48' title='bbox 741 855 854 929; x_wconf 90' lang='lat' dir='ltr'><strong>nequit.</strong></span> <span class='ocrx_word' id='word_1_49' title='bbox 900 853 972 924; x_wconf 81' lang='lat' dir='ltr'><strong>ans</strong></span> <span class='ocrx_word' id='word_1_50' title='bbox 1001 854 1080 913; x_wconf 91' lang='lat' dir='ltr'><strong>enim</strong></span> <span class='ocrx_word' id='word_1_51' title='bbox 1108 853 1207 913; x_wconf 88' lang='lat' dir='ltr'><strong>credet</strong></span> <span class='ocrx_word' id='word_1_52' title='bbox 1230 872 1245 912; x_wconf 90' lang='lat' dir='ltr'><strong>e</strong></span> <span class='ocrx_word' id='word_1_53' title='bbox 1272 853 1449 930; x_wconf 82' lang='lat' dir='ltr'><strong>prytanibus</strong></span> <span class='ocrx_word' id='word_1_54' title='bbox 1471 873 1564 912; x_wconf 88' lang='lat' dir='ltr'><strong>unum</strong></span> <span class='ocrx_word' id='word_1_55' title='bbox 1613 849 1617 856; x_wconf 82' lang='grc'><strong>“</strong></span> 
     </span>
     <span class='ocr_line' id='line_1_7' title="bbox 257 951 1564 1030; baseline 0 -20"><span class='ocrx_word' id='word_1_56' title='bbox 257 970 402 1028; x_wconf 90' lang='lat' dir='ltr'><strong>quemque</strong></span> <span class='ocrx_word' id='word_1_57' title='bbox 425 952 557 1028; x_wconf 90' lang='lat' dir='ltr'><strong>quinque</strong></span> <span class='ocrx_word' id='word_1_58' title='bbox 576 951 734 1011; x_wconf 83' lang='lat' dir='ltr'><strong>abstulisse</strong></span> <span class='ocrx_word' id='word_1_59' title='bbox 755 955 855 1027; x_wconf 88' lang='lat' dir='ltr'><strong>partes</strong></span> <span class='ocrx_word' id='word_1_60' title='bbox 874 951 1021 1030; x_wconf 85' lang='lat' dir='ltr'><strong>vulgares,</strong></span> <span class='ocrx_word' id='word_1_61' title='bbox 1044 954 1215 1030; x_wconf 79' lang='lat' dir='ltr'><strong>quaestores</strong></span> <span class='ocrx_word' id='word_1_62' title='bbox 1234 952 1443 1028; x_wconf 85' lang='lat' dir='ltr'><strong>hieropoeosve</strong></span> <span class='ocrx_word' id='word_1_63' title='bbox 1462 953 1564 1030; x_wconf 83' lang='lat' dir='ltr'><strong>singu-</strong></span> 
     </span>
     <span class='ocr_line' id='line_1_8' title="bbox 258 1049 1561 1127; baseline 0 -19"><span class='ocrx_word' id='word_1_64' title='bbox 258 1051 303 1110; x_wconf 90' lang='lat' dir='ltr'><strong>los</strong></span> <span class='ocrx_word' id='word_1_65' title='bbox 326 1070 417 1110; x_wconf 89' lang='lat' dir='ltr'><strong>unam</strong></span> <span class='ocrx_word' id='word_1_66' title='bbox 440 1051 459 1109; x_wconf 93' lang='lat' dir='ltr'><strong>i.</strong></span> <span class='ocrx_word' id='word_1_67' title='bbox 474 1069 498 1108; x_wconf 90' lang='lat' dir='ltr'><strong>e.</strong></span> <span class='ocrx_word' id='word_1_68' title='bbox 518 1049 642 1110; x_wconf 88' lang='lat' dir='ltr'><strong>eandem</strong></span> <span class='ocrx_word' id='word_1_69' title='bbox 664 1069 755 1126; x_wconf 89' lang='lat' dir='ltr'><strong>quam</strong></span> <span class='ocrx_word' id='word_1_70' title='bbox 784 1052 896 1110; x_wconf 88' lang='lat' dir='ltr'><strong>ceteros</strong></span> <span class='ocrx_word' id='word_1_71' title='bbox 924 1049 1019 1110; x_wconf 82' lang='lat' dir='ltr'><strong>cives?</strong></span> <span class='ocrx_word' id='word_1_72' title='bbox 1064 1050 1099 1109; x_wconf 95' lang='lat' dir='ltr'><strong>In</strong></span> <span class='ocrx_word' id='word_1_73' title='bbox 1123 1053 1226 1126; x_wconf 87' lang='lat' dir='ltr'><strong>aperto</strong></span> <span class='ocrx_word' id='word_1_74' title='bbox 1250 1053 1296 1110; x_wconf 87' lang='lat' dir='ltr'><strong>eat</strong></span> <span class='ocrx_word' id='word_1_75' title='bbox 1318 1052 1467 1127; x_wconf 82' lang='lat' dir='ltr'><strong>portiones</strong></span> <span class='ocrx_word' id='word_1_76' title='bbox 1490 1049 1561 1108; x_wconf 90' lang='lat' dir='ltr'><strong>illas</strong></span> 
     </span>
     <span class='ocr_line' id='line_1_9' title="bbox 255 1147 1563 1227; baseline -0.001 -20"><span class='ocrx_word' id='word_1_77' title='bbox 255 1150 402 1209; x_wconf 89' lang='lat' dir='ltr'><strong>universis</strong></span> <span class='ocrx_word' id='word_1_78' title='bbox 425 1148 544 1208; x_wconf 87' lang='lat' dir='ltr'><strong>decerni</strong></span> <span class='ocrx_word' id='word_1_79' title='bbox 566 1148 708 1227; x_wconf 79' lang='lat' dir='ltr'><strong>collegiis.</strong></span> <span class='ocrx_word' id='word_1_80' title='bbox 746 1148 899 1224; x_wconf 82' lang='lat' dir='ltr'><strong>Sequitur,</strong></span> <span class='ocrx_word' id='word_1_81' title='bbox 922 1151 957 1209; x_wconf 91' lang='lat' dir='ltr'><strong>ut</strong></span> <span class='ocrx_word' id='word_1_82' title='bbox 980 1148 1059 1226; x_wconf 84' lang='grc' dir='ltr'><strong><em>μερίς</em></strong></span> <span class='ocrx_word' id='word_1_83' title='bbox 1083 1149 1214 1208; x_wconf 89' lang='lat' dir='ltr'><strong>hicnon</strong></span> <span class='ocrx_word' id='word_1_84' title='bbox 1233 1149 1350 1208; x_wconf 84' lang='lat' dir='ltr'><strong>virilem</strong></span> <span class='ocrx_word' id='word_1_85' title='bbox 1368 1151 1492 1224; x_wconf 85' lang='lat' dir='ltr'><strong>partem,</strong></span> <span class='ocrx_word' id='word_1_86' title='bbox 1510 1147 1563 1208; x_wconf 88' lang='lat' dir='ltr'><strong>sed</strong></span> 
     </span>
     <span class='ocr_line' id='line_1_10' title="bbox 254 1241 1563 1326; baseline -0.003 -20"><span class='ocrx_word' id='word_1_87' title='bbox 254 1249 398 1308; x_wconf 90' lang='lat' dir='ltr'><strong>maiorem</strong></span> <span class='ocrx_word' id='word_1_88' title='bbox 425 1248 576 1324; x_wconf 87' lang='lat' dir='ltr'><strong>quandam</strong></span> <span class='ocrx_word' id='word_1_89' title='bbox 603 1249 771 1324; x_wconf 88' lang='lat' dir='ltr'><strong>portionem</strong></span> <span class='ocrx_word' id='word_1_90' title='bbox 798 1248 958 1326; x_wconf 84' lang='lat' dir='ltr'><strong>significet,</strong></span> <span class='ocrx_word' id='word_1_91' title='bbox 990 1247 1022 1306; x_wconf 91' lang='lat' dir='ltr'><strong>id</strong></span> <span class='ocrx_word' id='word_1_92' title='bbox 1054 1249 1115 1307; x_wconf 84' lang='lat' dir='ltr'><strong>fere</strong></span> <span class='ocrx_word' id='word_1_93' title='bbox 1147 1246 1226 1324; x_wconf 92' lang='lat' dir='ltr'><strong>quod</strong></span> <span class='ocrx_word' id='word_1_94' title='bbox 1253 1266 1307 1308; x_wconf 89' lang='lat' dir='ltr'><strong>nos</strong></span> <span class='ocrx_word' id='word_1_95' title='bbox 1336 1241 1483 1306; x_wconf 76' lang='lat' dir='ltr'><strong>‘Portica&#39;</strong></span> <span class='ocrx_word' id='word_1_96' title='bbox 1514 1246 1563 1305; x_wconf 86' lang='lat' dir='ltr'><strong>vel</strong></span> 
     </span>
     <span class='ocr_line' id='line_1_11' title="bbox 256 1337 1562 1427; baseline -0.001 -23"><span class='ocrx_word' id='word_1_97' title='bbox 256 1340 414 1406; x_wconf 73' lang='lat' dir='ltr'><strong>‘Schdsscl&#39;</strong></span> <span class='ocrx_word' id='word_1_98' title='bbox 438 1337 619 1427; x_wconf 78' lang='lat' dir='ltr'><strong>dicimus.¹⁶)</strong></span> <span class='ocrx_word' id='word_1_99' title='bbox 664 1345 730 1404; x_wconf 86' lang='lat' dir='ltr'><strong>Iam</strong></span> <span class='ocrx_word' id='word_1_100' title='bbox 753 1345 835 1405; x_wconf 87' lang='lat' dir='ltr'><strong>vides</strong></span> <span class='ocrx_word' id='word_1_101' title='bbox 858 1365 890 1404; x_wconf 91' lang='lat' dir='ltr'><strong>re</strong></span> <span class='ocrx_word' id='word_1_102' title='bbox 914 1364 984 1405; x_wconf 87' lang='lat' dir='ltr'><strong>vera</strong></span> <span class='ocrx_word' id='word_1_103' title='bbox 1008 1348 1228 1424; x_wconf 80' lang='lat' dir='ltr'><strong>quinquaginta</strong></span> <span class='ocrx_word' id='word_1_104' title='bbox 1251 1348 1391 1422; x_wconf 79' lang='lat' dir='ltr'><strong>prytanea</strong></span> <span class='ocrx_word' id='word_1_105' title='bbox 1415 1349 1445 1404; x_wconf 87' lang='lat' dir='ltr'><strong>et</strong></span> <span class='ocrx_word' id='word_1_106' title='bbox 1470 1344 1562 1404; x_wconf 88' lang='lat' dir='ltr'><strong>denos</strong></span> 
     </span>
     <span class='ocr_line' id='line_1_12' title="bbox 254 1437 1562 1526; baseline -0.002 -24"><span class='ocrx_word' id='word_1_107' title='bbox 254 1443 426 1520; x_wconf 87' lang='lat' dir='ltr'><strong>hieropoeos</strong></span> <span class='ocrx_word' id='word_1_108' title='bbox 454 1447 684 1522; x_wconf 75' lang='lat' dir='ltr'><strong>quaestoresque</strong></span> <span class='ocrx_word' id='word_1_109' title='bbox 712 1443 802 1504; x_wconf 89' lang='lat' dir='ltr'><strong>denos</strong></span> <span class='ocrx_word' id='word_1_110' title='bbox 831 1443 1001 1522; x_wconf 83' lang='grc' dir='ltr'><strong><em>ἰσομοίρους</em></strong></span> <span class='ocrx_word' id='word_1_111' title='bbox 1023 1437 1169 1526; x_wconf 55' lang='lat' dir='ltr'><strong>fuissem),</strong></span> <span class='ocrx_word' id='word_1_112' title='bbox 1201 1444 1311 1504; x_wconf 88' lang='lat' dir='ltr'><strong>Michel</strong></span> <span class='ocrx_word' id='word_1_113' title='bbox 1333 1445 1432 1502; x_wconf 86' lang='lat' dir='ltr'><strong>autem</strong></span> <span class='ocrx_word' id='word_1_114' title='bbox 1455 1461 1562 1503; x_wconf 86' lang='lat' dir='ltr'><strong>novem</strong></span> 
     </span>
     <span class='ocr_line' id='line_1_13' title="bbox 254 1540 1562 1623; baseline 0 -23"><span class='ocrx_word' id='word_1_115' title='bbox 254 1542 454 1618; x_wconf 79' lang='lat' dir='ltr'><strong>archontibus,</strong></span> <span class='ocrx_word' id='word_1_116' title='bbox 474 1543 552 1619; x_wconf 89' lang='lat' dir='ltr'><strong>quod</strong></span> <span class='ocrx_word' id='word_1_117' title='bbox 570 1540 654 1602; x_wconf 87' lang='grc' dir='ltr'><strong><em>πέντε</em></strong></span> <span class='ocrx_word' id='word_1_118' title='bbox 673 1541 793 1623; x_wconf 86' lang='grc' dir='ltr'><strong><em>μερίδας</em></strong></span> <span class='ocrx_word' id='word_1_119' title='bbox 811 1543 927 1618; x_wconf 89' lang='lat' dir='ltr'><strong>tribuit,</strong></span> <span class='ocrx_word' id='word_1_120' title='bbox 948 1544 1073 1602; x_wconf 90' lang='lat' dir='ltr'><strong>nimium</strong></span> <span class='ocrx_word' id='word_1_121' title='bbox 1091 1542 1230 1603; x_wconf 88' lang='lat' dir='ltr'><strong>tribuisse</strong></span> <span class='ocrx_word' id='word_1_122' title='bbox 1250 1543 1399 1620; x_wconf 81' lang='lat' dir='ltr'><strong>arguitur;</strong></span> <span class='ocrx_word' id='word_1_123' title='bbox 1422 1541 1562 1618; x_wconf 89' lang='lat' dir='ltr'><strong>supplen-</strong></span> 
     </span>
     <span class='ocr_line' id='line_1_14' title="bbox 253 1639 1562 1720; baseline -0.001 -21"><span class='ocrx_word' id='word_1_124' title='bbox 253 1641 323 1701; x_wconf 90' lang='lat' dir='ltr'><strong>dum</strong></span> <span class='ocrx_word' id='word_1_125' title='bbox 346 1644 446 1718; x_wconf 90' lang='lat' dir='ltr'><strong>potius</strong></span> <span class='ocrx_word' id='word_1_126' title='bbox 466 1641 583 1701; x_wconf 86' lang='lat' dir='ltr'><strong>videtur</strong></span> <span class='ocrx_word' id='word_1_127' title='bbox 601 1660 628 1700; x_wconf 84' lang='lat' dir='ltr'><strong>r.</strong></span> <span class='ocrx_word' id='word_1_128' title='bbox 645 1643 684 1700; x_wconf 82' lang='lat'><strong>12</strong></span> <span class='ocrx_word' id='word_1_129' title='bbox 708 1645 793 1720; x_wconf 81' lang='grc' dir='ltr'><strong><em>τρεῖς,</em></strong></span> <span class='ocrx_word' id='word_1_130' title='bbox 815 1643 850 1701; x_wconf 91' lang='lat' dir='ltr'><strong>ut</strong></span> <span class='ocrx_word' id='word_1_131' title='bbox 872 1660 909 1700; x_wconf 89' lang='lat' dir='ltr'><strong>ne</strong></span> <span class='ocrx_word' id='word_1_132' title='bbox 932 1641 975 1700; x_wconf 81' lang='lat' dir='ltr'><strong>ric</strong></span> <span class='ocrx_word' id='word_1_133' title='bbox 998 1640 1118 1716; x_wconf 89' lang='lat' dir='ltr'><strong>quidem</strong></span> <span class='ocrx_word' id='word_1_134' title='bbox 1141 1641 1298 1700; x_wconf 74' lang='lat' dir='ltr'><strong>archontes</strong></span> <span class='ocrx_word' id='word_1_135' title='bbox 1320 1640 1432 1699; x_wconf 87' lang='lat' dir='ltr'><strong>maiore</strong></span> <span class='ocrx_word' id='word_1_136' title='bbox 1452 1639 1562 1699; x_wconf 90' lang='lat' dir='ltr'><strong>honore</strong></span> 
     </span>
     <span class='ocr_line' id='line_1_15' title="bbox 253 1733 1563 1820; baseline -0.002 -20"><span class='ocrx_word' id='word_1_137' title='bbox 253 1742 410 1800; x_wconf 76' lang='lat' dir='ltr'><strong>caruerint.</strong></span> <span class='ocrx_word' id='word_1_138' title='bbox 448 1740 593 1800; x_wconf 88' lang='lat' dir='ltr'><strong>Incertius</strong></span> <span class='ocrx_word' id='word_1_139' title='bbox 617 1741 670 1813; x_wconf 90' lang='lat' dir='ltr'><strong>est,</strong></span> <span class='ocrx_word' id='word_1_140' title='bbox 690 1741 742 1815; x_wconf 89' lang='lat' dir='ltr'><strong>qui</strong></span> <span class='ocrx_word' id='word_1_141' title='bbox 759 1759 899 1798; x_wconf 90' lang='lat' dir='ltr'><strong>numerus</strong></span> <span class='ocrx_word' id='word_1_142' title='bbox 918 1741 987 1816; x_wconf 89' lang='lat' dir='ltr'><strong>post</strong></span> <span class='ocrx_word' id='word_1_143' title='bbox 1004 1733 1184 1820; x_wconf 54' lang='grc' dir='ltr'><strong><em>ταξιάρχοις</em></strong></span> <span class='ocrx_word' id='word_1_144' title='bbox 1207 1741 1336 1816; x_wconf 84' lang='lat' dir='ltr'><strong>scriptus</strong></span> <span class='ocrx_word' id='word_1_145' title='bbox 1355 1738 1459 1814; x_wconf 74' lang='lat' dir='ltr'><strong>haerit3</strong></span> <span class='ocrx_word' id='word_1_146' title='bbox 1482 1737 1563 1816; x_wconf 82' lang='grc' dir='ltr'><strong><em>μίαν,</em></strong></span> 
     </span>
     <span class='ocr_line' id='line_1_16' title="bbox 254 1837 1563 1917; baseline -0.001 -20"><span class='ocrx_word' id='word_1_147' title='bbox 254 1839 332 1915; x_wconf 91' lang='lat' dir='ltr'><strong>quod</strong></span> <span class='ocrx_word' id='word_1_148' title='bbox 357 1837 509 1916; x_wconf 86' lang='lat' dir='ltr'><strong>supplevit</strong></span> <span class='ocrx_word' id='word_1_149' title='bbox 531 1838 636 1917; x_wconf 79' lang='lat' dir='ltr'><strong>Rang,</strong></span> <span class='ocrx_word' id='word_1_150' title='bbox 658 1857 711 1897; x_wconf 86' lang='lat' dir='ltr'><strong>nec</strong></span> <span class='ocrx_word' id='word_1_151' title='bbox 741 1837 880 1898; x_wconf 86' lang='lat' dir='ltr'><strong>lacunam</strong></span> <span class='ocrx_word' id='word_1_152' title='bbox 908 1838 1007 1914; x_wconf 84' lang='lat' dir='ltr'><strong>explet</strong></span> <span class='ocrx_word' id='word_1_153' title='bbox 1035 1869 1077 1878; x_wconf 84' lang='lat'><em>-</em></span> <span class='ocrx_word' id='word_1_154' title='bbox 1105 1839 1237 1914; x_wconf 90' lang='lat' dir='ltr'><strong>quinque</strong></span> <span class='ocrx_word' id='word_1_155' title='bbox 1265 1839 1344 1896; x_wconf 90' lang='lat' dir='ltr'><strong>enim</strong></span> <span class='ocrx_word' id='word_1_156' title='bbox 1371 1837 1490 1898; x_wconf 81' lang='lat' dir='ltr'><strong>litterae</strong></span> <span class='ocrx_word' id='word_1_157' title='bbox 1516 1855 1563 1896; x_wconf 87' lang='lat' dir='ltr'><strong>re·</strong></span> 
     </span>
     <span class='ocr_line' id='line_1_17' title="bbox 253 1935 1561 2014; baseline -0.002 -18"><span class='ocrx_word' id='word_1_158' title='bbox 253 1938 414 2014; x_wconf 88' lang='lat' dir='ltr'><strong>quiruntur</strong></span> <span class='ocrx_word' id='word_1_159' title='bbox 438 1969 478 1978; x_wconf 91' lang='lat'><strong>—-</strong></span> <span class='ocrx_word' id='word_1_160' title='bbox 503 1955 557 1996; x_wconf 91' lang='lat' dir='ltr'><strong>nec</strong></span> <span class='ocrx_word' id='word_1_161' title='bbox 584 1937 657 1996; x_wconf 89' lang='lat' dir='ltr'><strong>satis</strong></span> <span class='ocrx_word' id='word_1_162' title='bbox 679 1939 793 1996; x_wconf 90' lang='lat' dir='ltr'><strong>rectam</strong></span> <span class='ocrx_word' id='word_1_163' title='bbox 816 1936 909 1996; x_wconf 76' lang='lat' dir='ltr'><strong>effiut</strong></span> <span class='ocrx_word' id='word_1_164' title='bbox 938 1936 1094 2011; x_wconf 89' lang='lat' dir='ltr'><strong>rationem,</strong></span> <span class='ocrx_word' id='word_1_165' title='bbox 1117 1938 1145 1996; x_wconf 87' lang='lat' dir='ltr'><strong>si</strong></span> <span class='ocrx_word' id='word_1_166' title='bbox 1167 1936 1288 2012; x_wconf 91' lang='lat' dir='ltr'><strong>quidem</strong></span> <span class='ocrx_word' id='word_1_167' title='bbox 1311 1938 1341 1996; x_wconf 92' lang='lat' dir='ltr'><strong>et</strong></span> <span class='ocrx_word' id='word_1_168' title='bbox 1363 1935 1464 1996; x_wconf 90' lang='lat' dir='ltr'><strong>decem</strong></span> <span class='ocrx_word' id='word_1_169' title='bbox 1486 1936 1561 1994; x_wconf 90' lang='lat' dir='ltr'><strong>stra-</strong></span> 
     </span>
     <span class='ocr_line' id='line_1_18' title="bbox 253 2026 1561 2115; baseline -0.002 -21"><span class='ocrx_word' id='word_1_170' title='bbox 253 2037 330 2114; x_wconf 80' lang='lat' dir='ltr'><strong>tegis</strong></span> <span class='ocrx_word' id='word_1_171' title='bbox 353 2038 384 2095; x_wconf 88' lang='lat' dir='ltr'><strong>et</strong></span> <span class='ocrx_word' id='word_1_172' title='bbox 406 2035 508 2096; x_wconf 90' lang='lat' dir='ltr'><strong>decem</strong></span> <span class='ocrx_word' id='word_1_173' title='bbox 529 2026 737 2115; x_wconf 78' lang='lat' dir='ltr'><strong>taxiarchis¹⁷)</strong></span> <span class='ocrx_word' id='word_1_174' title='bbox 762 2053 830 2094; x_wconf 91' lang='lat' dir='ltr'><strong>una</strong></span> <span class='ocrx_word' id='word_1_175' title='bbox 853 2037 952 2112; x_wconf 87' lang='lat' dir='ltr'><strong>portio</strong></span> <span class='ocrx_word' id='word_1_176' title='bbox 971 2036 1021 2094; x_wconf 85' lang='lat' dir='ltr'><strong>vix</strong></span> <span class='ocrx_word' id='word_1_177' title='bbox 1041 2033 1214 2094; x_wconf 85' lang='lat' dir='ltr'><strong>sufficiebat.</strong></span> <span class='ocrx_word' id='word_1_178' title='bbox 1253 2033 1445 2094; x_wconf 83' lang='lat' dir='ltr'><strong>Scribendum</strong></span> <span class='ocrx_word' id='word_1_179' title='bbox 1467 2035 1561 2110; x_wconf 85' lang='lat' dir='ltr'><strong>igitur</strong></span> 
     </span>
     <span class='ocr_line' id='line_1_19' title="bbox 253 2131 1562 2212; baseline -0.002 -20"><span class='ocrx_word' id='word_1_180' title='bbox 253 2132 371 2193; x_wconf 82' lang='lat' dir='ltr'><strong>videtur</strong></span> <span class='ocrx_word' id='word_1_181' title='bbox 394 2153 460 2194; x_wconf 91' lang='lat' dir='ltr'><strong>cum</strong></span> <span class='ocrx_word' id='word_1_182' title='bbox 480 2134 620 2194; x_wconf 89' lang='lat' dir='ltr'><strong>Michaeli</strong></span> <span class='ocrx_word' id='word_1_183' title='bbox 642 2136 727 2212; x_wconf 85' lang='grc' dir='ltr'><strong><em>τρεῖς,</em></strong></span> <span class='ocrx_word' id='word_1_184' title='bbox 751 2151 933 2209; x_wconf 88' lang='lat' dir='ltr'><strong>quamquam</strong></span> <span class='ocrx_word' id='word_1_185' title='bbox 956 2135 1000 2192; x_wconf 88' lang='lat' dir='ltr'><strong>ita</strong></span> <span class='ocrx_word' id='word_1_186' title='bbox 1024 2133 1095 2192; x_wconf 93' lang='lat' dir='ltr'><strong>ordo</strong></span> <span class='ocrx_word' id='word_1_187' title='bbox 1115 2152 1304 2192; x_wconf 90' lang='lat' dir='ltr'><strong>numerorum</strong></span> <span class='ocrx_word' id='word_1_188' title='bbox 1323 2133 1493 2209; x_wconf 83' lang='lat' dir='ltr'><strong>ceteroquin</strong></span> <span class='ocrx_word' id='word_1_189' title='bbox 1511 2131 1562 2190; x_wconf 92' lang='lat' dir='ltr'><strong>de·</strong></span> 
     </span>
     <span class='ocr_line' id='line_1_20' title="bbox 252 2223 1560 2312; baseline -0.003 -21"><span class='ocrx_word' id='word_1_190' title='bbox 252 2233 447 2291; x_wconf 88' lang='lat' dir='ltr'><strong>crescentium</strong></span> <span class='ocrx_word' id='word_1_191' title='bbox 475 2232 614 2292; x_wconf 90' lang='lat' dir='ltr'><strong>turbatur</strong></span> <span class='ocrx_word' id='word_1_192' title='bbox 642 2223 842 2312; x_wconf 80' lang='grc'>(53113).</span> <span class='ocrx_word' id='word_1_193' title='bbox 893 2232 1009 2291; x_wconf 88' lang='lat' dir='ltr'><strong>Nomen</strong></span> <span class='ocrx_word' id='word_1_194' title='bbox 1041 2231 1193 2292; x_wconf 88' lang='lat' dir='ltr'><strong>numerale</strong></span> <span class='ocrx_word' id='word_1_195' title='bbox 1225 2233 1329 2307; x_wconf 91' lang='lat' dir='ltr'><strong>utique</strong></span> <span class='ocrx_word' id='word_1_196' title='bbox 1362 2229 1560 2307; x_wconf 90' lang='lat' dir='ltr'><strong>supplendum</strong></span> 
     </span>
     <span class='ocr_line' id='line_1_21' title="bbox 252 2323 1560 2410; baseline -0.001 -23"><span class='ocrx_word' id='word_1_197' title='bbox 252 2329 327 2389; x_wconf 88' lang='lat' dir='ltr'><strong>duco</strong></span> <span class='ocrx_word' id='word_1_198' title='bbox 355 2349 408 2390; x_wconf 89' lang='lat' dir='ltr'><strong>nec</strong></span> <span class='ocrx_word' id='word_1_199' title='bbox 435 2331 524 2390; x_wconf 87' lang='lat' dir='ltr'><strong>licere</strong></span> <span class='ocrx_word' id='word_1_200' title='bbox 551 2329 705 2389; x_wconf 80' lang='lat' dir='ltr'><strong>scribendo</strong></span> <span class='ocrx_word' id='word_1_201' title='bbox 733 2333 794 2400; x_wconf 84' lang='grc' dir='ltr'><strong><em>τοῖς</em></strong></span> <span class='ocrx_word' id='word_1_202' title='bbox 821 2333 993 2410; x_wconf 75' lang='grc' dir='ltr'><strong><em>στρατηγοῖς</em></strong></span> <span class='ocrx_word' id='word_1_203' title='bbox 1021 2326 1071 2388; x_wconf 78' lang='grc' dir='ltr'><strong>καὶ</strong></span> <span class='ocrx_word' id='word_1_204' title='bbox 1097 2333 1159 2400; x_wconf 83' lang='grc' dir='ltr'><strong><em>τοῖς</em></strong></span> <span class='ocrx_word' id='word_1_205' title='bbox 1187 2323 1370 2409; x_wconf 84' lang='grc' dir='ltr'><strong><em>ταξιάρχ[οις</em></strong></span> <span class='ocrx_word' id='word_1_206' title='bbox 1398 2325 1447 2388; x_wconf 77' lang='grc' dir='ltr'><strong>καὶ</strong></span> <span class='ocrx_word' id='word_1_207' title='bbox 1468 2336 1560 2387; x_wconf 85' lang='grc' dir='ltr'><strong><em>πᾶσιν</em></strong></span> 
     </span>
     <span class='ocr_line' id='line_1_22' title="bbox 251 2421 1559 2509; baseline -0.002 -22"><span class='ocrx_word' id='word_1_208' title='bbox 251 2421 328 2507; x_wconf 84' lang='grc' dir='ltr'><strong><em>τ]οι”ς</em></strong></span> <span class='ocrx_word' id='word_1_209' title='bbox 355 2435 522 2506; x_wconf 75' lang='grc' dir='ltr'><strong><em>πομπεῦσον</em></strong></span> <span class='ocrx_word' id='word_1_210' title='bbox 545 2421 682 2509; x_wconf 82' lang='lat' dir='ltr'><strong>(Michel)</strong></span> <span class='ocrx_word' id='word_1_211' title='bbox 710 2428 838 2486; x_wconf 89' lang='lat' dir='ltr'><strong>militiae</strong></span> <span class='ocrx_word' id='word_1_212' title='bbox 865 2426 952 2488; x_wconf 89' lang='lat' dir='ltr'><strong>duces</strong></span> <span class='ocrx_word' id='word_1_213' title='bbox 976 2448 995 2487; x_wconf 89' lang='lat' dir='ltr'><strong>a</strong></span> <span class='ocrx_word' id='word_1_214' title='bbox 1021 2429 1128 2488; x_wconf 87' lang='lat' dir='ltr'><strong>ceteris</strong></span> <span class='ocrx_word' id='word_1_215' title='bbox 1156 2427 1382 2506; x_wconf 82' lang='lat' dir='ltr'><strong>magistratibus</strong></span> <span class='ocrx_word' id='word_1_216' title='bbox 1406 2429 1559 2503; x_wconf 88' lang='lat' dir='ltr'><strong>separatos</strong></span> 
     </span>
     <span class='ocr_line' id='line_1_23' title="bbox 252 2523 1560 2604; baseline -0.002 -19"><span class='ocrx_word' id='word_1_217' title='bbox 252 2545 380 2602; x_wconf 88' lang='lat' dir='ltr'><strong>aequare</strong></span> <span class='ocrx_word' id='word_1_218' title='bbox 409 2545 476 2586; x_wconf 90' lang='lat' dir='ltr'><strong>cum</strong></span> <span class='ocrx_word' id='word_1_219' title='bbox 503 2523 645 2604; x_wconf 87' lang='grc' dir='ltr'><strong><em>πομπέων</em></strong></span> <span class='ocrx_word' id='word_1_220' title='bbox 667 2545 781 2604; x_wconf 80' lang='lat' dir='ltr'><strong>genere.</strong></span> <span class='ocrx_word' id='word_1_221' title='bbox 828 2528 963 2602; x_wconf 87' lang='grc' dir='ltr'><strong><em>Πομπεῖς</em></strong></span> <span class='ocrx_word' id='word_1_222' title='bbox 985 2529 1085 2584; x_wconf 88' lang='lat' dir='ltr'><strong>autem</strong></span> <span class='ocrx_word' id='word_1_223' title='bbox 1108 2524 1188 2584; x_wconf 88' lang='lat' dir='ltr'><strong>haud</strong></span> <span class='ocrx_word' id='word_1_224' title='bbox 1212 2525 1300 2584; x_wconf 90' lang='lat' dir='ltr'><strong>dubie</strong></span> <span class='ocrx_word' id='word_1_225' title='bbox 1323 2527 1444 2585; x_wconf 82' lang='lat' dir='ltr'><strong>iuvenes</strong></span> <span class='ocrx_word' id='word_1_226' title='bbox 1467 2525 1560 2586; x_wconf 83' lang='lat' dir='ltr'><strong>boves</strong></span> 
     </span>
     <span class='ocr_line' id='line_1_24' title="bbox 251 2617 1559 2705; baseline -0.002 -23"><span class='ocrx_word' id='word_1_227' title='bbox 251 2626 283 2682; x_wconf 92' lang='lat' dir='ltr'><strong>in</strong></span> <span class='ocrx_word' id='word_1_228' title='bbox 311 2644 421 2702; x_wconf 88' lang='lat' dir='ltr'><strong>pompa</strong></span> <span class='ocrx_word' id='word_1_229' title='bbox 448 2625 587 2685; x_wconf 85' lang='lat' dir='ltr'><strong>ducentes</strong></span> <span class='ocrx_word' id='word_1_230' title='bbox 617 2617 815 2705; x_wconf 66' lang='lat' dir='ltr'><strong>creanturffi),</strong></span> <span class='ocrx_word' id='word_1_231' title='bbox 849 2643 975 2700; x_wconf 91' lang='lat' dir='ltr'><strong>quorum</strong></span> <span class='ocrx_word' id='word_1_232' title='bbox 1007 2643 1115 2682; x_wconf 89' lang='lat' dir='ltr'><strong>munus</strong></span> <span class='ocrx_word' id='word_1_233' title='bbox 1146 2623 1260 2683; x_wconf 88' lang='lat' dir='ltr'><strong>ordinis</strong></span> <span class='ocrx_word' id='word_1_234' title='bbox 1293 2623 1421 2699; x_wconf 90' lang='lat' dir='ltr'><strong>bonique</strong></span> <span class='ocrx_word' id='word_1_235' title='bbox 1453 2623 1559 2682; x_wconf 88' lang='lat' dir='ltr'><strong>ominis</strong></span> 
     </span>
    </p>
   </div>
   <div class='ocr_carea' id='block_1_3' title="bbox 251 2715 1632 3098">
    <p class='ocr_par' dir='ltr' id='par_1_3' title="bbox 251 2715 1632 3098">
     <span class='ocr_line' id='line_1_25' title="bbox 251 2715 1561 2804; baseline -0.002 -23"><span class='ocrx_word' id='word_1_236' title='bbox 251 2741 341 2782; x_wconf 86' lang='lat' dir='ltr'><strong>causa</strong></span> <span class='ocrx_word' id='word_1_237' title='bbox 368 2726 442 2783; x_wconf 86' lang='lat' dir='ltr'><strong>satis</strong></span> <span class='ocrx_word' id='word_1_238' title='bbox 470 2743 561 2802; x_wconf 82' lang='lat' dir='ltr'><strong>grave</strong></span> <span class='ocrx_word' id='word_1_239' title='bbox 589 2715 702 2804; x_wconf 80' lang='lat' dir='ltr'><strong>fuit.¹⁹)</strong></span> <span class='ocrx_word' id='word_1_240' title='bbox 749 2723 856 2782; x_wconf 83' lang='lat' dir='ltr'><strong>Merito</strong></span> <span class='ocrx_word' id='word_1_241' title='bbox 879 2724 974 2801; x_wconf 82' lang='lat' dir='ltr'><strong>igitur</strong></span> <span class='ocrx_word' id='word_1_242' title='bbox 1000 2740 1067 2782; x_wconf 90' lang='lat' dir='ltr'><strong>suas</strong></span> <span class='ocrx_word' id='word_1_243' title='bbox 1096 2723 1258 2797; x_wconf 87' lang='lat' dir='ltr'><strong>separatim</strong></span> <span class='ocrx_word' id='word_1_244' title='bbox 1286 2741 1304 2780; x_wconf 89' lang='lat' dir='ltr'><strong>a</strong></span> <span class='ocrx_word' id='word_1_245' title='bbox 1331 2722 1449 2797; x_wconf 86' lang='lat' dir='ltr'><strong>reliqua</strong></span> <span class='ocrx_word' id='word_1_246' title='bbox 1474 2719 1561 2797; x_wconf 87' lang='lat' dir='ltr'><strong>plebe</strong></span> 
     </span>
     <span class='ocr_line' id='line_1_26' title="bbox 252 2811 1560 2901; baseline -0.002 -21"><span class='ocrx_word' id='word_1_247' title='bbox 252 2824 403 2898; x_wconf 87' lang='lat' dir='ltr'><strong>portiones</strong></span> <span class='ocrx_word' id='word_1_248' title='bbox 427 2822 614 2898; x_wconf 86' lang='lat' dir='ltr'><strong>accipiebant</strong></span> <span class='ocrx_word' id='word_1_249' title='bbox 636 2840 728 2897; x_wconf 86' lang='lat' dir='ltr'><strong>aeque</strong></span> <span class='ocrx_word' id='word_1_250' title='bbox 752 2839 786 2880; x_wconf 87' lang='lat' dir='ltr'><strong>ac</strong></span> <span class='ocrx_word' id='word_1_251' title='bbox 808 2820 926 2897; x_wconf 90' lang='lat' dir='ltr'><strong>puellae</strong></span> <span class='ocrx_word' id='word_1_252' title='bbox 949 2811 1195 2901; x_wconf 70' lang='lat' dir='ltr'><strong>mnephome”);</strong></span> <span class='ocrx_word' id='word_1_253' title='bbox 1218 2820 1307 2878; x_wconf 89' lang='lat' dir='ltr'><strong>huius</strong></span> <span class='ocrx_word' id='word_1_254' title='bbox 1330 2839 1400 2879; x_wconf 89' lang='lat' dir='ltr'><strong>sane</strong></span> <span class='ocrx_word' id='word_1_255' title='bbox 1420 2819 1560 2880; x_wconf 84' lang='lat' dir='ltr'><strong>distribu·</strong></span> 
     </span>
     <span class='ocr_line' id='line_1_27' title="bbox 251 2910 1632 2999; baseline -0.001 -21"><span class='ocrx_word' id='word_1_256' title='bbox 251 2921 342 2978; x_wconf 93' lang='lat' dir='ltr'><strong>tionis</strong></span> <span class='ocrx_word' id='word_1_257' title='bbox 366 2938 442 2996; x_wconf 90' lang='lat' dir='ltr'><strong>quae</strong></span> <span class='ocrx_word' id='word_1_258' title='bbox 467 2920 558 2979; x_wconf 85' lang='lat' dir='ltr'><strong>firerit</strong></span> <span class='ocrx_word' id='word_1_259' title='bbox 580 2921 635 2978; x_wconf 93' lang='lat' dir='ltr'><strong>illa</strong></span> <span class='ocrx_word' id='word_1_260' title='bbox 658 2917 848 2995; x_wconf 87' lang='lat' dir='ltr'><strong>consuetude,</strong></span> <span class='ocrx_word' id='word_1_261' title='bbox 871 2918 909 2978; x_wconf 91' lang='lat' dir='ltr'><strong>ad</strong></span> <span class='ocrx_word' id='word_1_262' title='bbox 933 2937 1022 2995; x_wconf 83' lang='lat' dir='ltr'><strong>quam</strong></span> <span class='ocrx_word' id='word_1_263' title='bbox 1045 2918 1152 2978; x_wconf 87' lang='lat' dir='ltr'><strong>titulus</strong></span> <span class='ocrx_word' id='word_1_264' title='bbox 1175 2919 1318 2994; x_wconf 85' lang='lat' dir='ltr'><strong>provocat</strong></span> <span class='ocrx_word' id='word_1_265' title='bbox 1337 2910 1423 2999; x_wconf 82' lang='grc' dir='ltr'><strong><em>(κατὰ</em></strong></span> <span class='ocrx_word' id='word_1_266' title='bbox 1442 2915 1476 2976; x_wconf 83' lang='grc' dir='ltr'><strong>τὰ</strong></span> <span class='ocrx_word' id='word_1_267' title='bbox 1494 2915 1560 2976; x_wconf 68' lang='grc' dir='ltr'><strong><em>εἶα</em></strong></span> <span class='ocrx_word' id='word_1_268' title='bbox 1622 2937 1632 2962; x_wconf 79' lang='lat'><em>0</em></span> 
     </span>
     <span class='ocr_line' id='line_1_28' title="bbox 251 3010 933 3098; baseline -0.001 -22"><span class='ocrx_word' id='word_1_269' title='bbox 251 3016 328 3079; x_wconf 80' lang='grc' dir='ltr'><strong><em>θότα</em></strong></span> <span class='ocrx_word' id='word_1_270' title='bbox 352 3037 379 3076; x_wconf 84' lang='lat' dir='ltr'><strong>r.</strong></span> <span class='ocrx_word' id='word_1_271' title='bbox 402 3010 467 3098; x_wconf 84' lang='lat'><strong>15),</strong></span> <span class='ocrx_word' id='word_1_272' title='bbox 490 3019 657 3078; x_wconf 86' lang='lat' dir='ltr'><strong>accuratius</strong></span> <span class='ocrx_word' id='word_1_273' title='bbox 681 3016 798 3077; x_wconf 88' lang='lat' dir='ltr'><strong>definiri</strong></span> <span class='ocrx_word' id='word_1_274' title='bbox 820 3018 933 3093; x_wconf 91' lang='lat' dir='ltr'><strong>nequit.</strong></span> 
     </span>
    </p>
   </div>
   <div class='ocr_carea' id='block_1_4' title="bbox 249 3239 1561 3810">
    <p class='ocr_par' dir='ltr' id='par_1_4' title="bbox 251 3239 1561 3396">
     <span class='ocr_line' id='line_1_29' title="bbox 323 3239 1561 3312; baseline -0.002 -18"><span class='ocrx_word' id='word_1_275' title='bbox 323 3244 366 3312; x_wconf 80' lang='lat'><strong>14)</strong></span> <span class='ocrx_word' id='word_1_276' title='bbox 385 3241 537 3296; x_wconf 87' lang='lat' dir='ltr'><strong>Hered.Vl</strong></span> <span class='ocrx_word' id='word_1_277' title='bbox 551 3247 583 3295; x_wconf 82' lang='lat'><strong>5‘1</strong></span> <span class='ocrx_word' id='word_1_278' title='bbox 600 3241 758 3296; x_wconf 74' lang='lat' dir='ltr'><strong>eihando</strong></span> <span class='ocrx_word' id='word_1_279' title='bbox 776 3259 831 3312; x_wconf 84' lang='lat' dir='ltr'><strong>rep.</strong></span> <span class='ocrx_word' id='word_1_280' title='bbox 848 3241 913 3295; x_wconf 82' lang='lat' dir='ltr'><strong>Lac.</strong></span> <span class='ocrx_word' id='word_1_281' title='bbox 930 3245 1011 3310; x_wconf 80' lang='lat' dir='ltr'><strong>lt,4;</strong></span> <span class='ocrx_word' id='word_1_282' title='bbox 1031 3241 1066 3295; x_wconf 86' lang='lat' dir='ltr'><strong>cf.</strong></span> <span class='ocrx_word' id='word_1_283' title='bbox 1080 3240 1167 3294; x_wconf 88' lang='lat' dir='ltr'><strong>etiam</strong></span> <span class='ocrx_word' id='word_1_284' title='bbox 1185 3240 1299 3296; x_wconf 82' lang='lat' dir='ltr'>SGDI</span> <span class='ocrx_word' id='word_1_285' title='bbox 1310 3245 1361 3294; x_wconf 75' lang='grc'><strong>076</strong></span> <span class='ocrx_word' id='word_1_286' title='bbox 1381 3239 1561 3312; x_wconf 53' lang='lat' dir='ltr'><strong>egestuosus</strong></span> 
     </span>
     <span class='ocr_line' id='line_1_30' title="bbox 251 3319 1320 3396; baseline 0 -21"><span class='ocrx_word' id='word_1_287' title='bbox 251 3331 387 3392; x_wconf 79' lang='grc' dir='ltr'><strong><em>στεφανοῖ</em></strong></span> <span class='ocrx_word' id='word_1_288' title='bbox 404 3322 566 3390; x_wconf 75' lang='grc' dir='ltr'><strong><em>Πραξικλῆυ</em></strong></span> <span class='ocrx_word' id='word_1_289' title='bbox 584 3355 618 3362; x_wconf 88' lang='lat'>-</span> <span class='ocrx_word' id='word_1_290' title='bbox 640 3354 672 3362; x_wconf 96' lang='lat'>—</span> <span class='ocrx_word' id='word_1_291' title='bbox 691 3319 817 3396; x_wconf 73' lang='grc' dir='ltr'><strong><em>διμοιρία</em></strong></span> <span class='ocrx_word' id='word_1_292' title='bbox 836 3322 886 3377; x_wconf 81' lang='grc' dir='ltr'><strong>καὶ</strong></span> <span class='ocrx_word' id='word_1_293' title='bbox 906 3323 988 3390; x_wconf 74' lang='grc' dir='ltr'><strong><em>σαρκὶ</em></strong></span> <span class='ocrx_word' id='word_1_294' title='bbox 1006 3319 1087 3395; x_wconf 79' lang='grc' dir='ltr'><strong><em>βοείᾳ</em></strong></span> <span class='ocrx_word' id='word_1_295' title='bbox 1105 3319 1320 3394; x_wconf 79' lang='grc' dir='ltr'><strong><em>πεντα[μ]ναέῳ.</em></strong></span> 
     </span>
    </p>

    <p class='ocr_par' dir='ltr' id='par_1_5' title="bbox 323 3409 1142 3482">
     <span class='ocr_line' id='line_1_31' title="bbox 323 3409 1142 3482; baseline 0.002 -16"><span class='ocrx_word' id='word_1_296' title='bbox 323 3413 366 3481; x_wconf 89' lang='grc'><strong>16)</strong></span> <span class='ocrx_word' id='word_1_297' title='bbox 384 3410 451 3466; x_wconf 88' lang='lat' dir='ltr'><strong>inde</strong></span> <span class='ocrx_word' id='word_1_298' title='bbox 470 3415 642 3481; x_wconf 88' lang='lat' dir='ltr'><strong>componunt</strong></span> <span class='ocrx_word' id='word_1_299' title='bbox 660 3409 760 3481; x_wconf 81' lang='grc' dir='ltr'><strong><em>μερίδα</em></strong></span> <span class='ocrx_word' id='word_1_300' title='bbox 779 3409 898 3480; x_wconf 77' lang='grc' dir='ltr'><strong><em>δίκροτον</em></strong></span> <span class='ocrx_word' id='word_1_301' title='bbox 918 3413 954 3481; x_wconf 83' lang='lat' dir='ltr'><strong>(n.</strong></span> <span class='ocrx_word' id='word_1_302' title='bbox 972 3417 1022 3464; x_wconf 88' lang='lat'><strong>113</strong></span> <span class='ocrx_word' id='word_1_303' title='bbox 1042 3430 1065 3466; x_wconf 83' lang='lat' dir='ltr'><strong>v.</strong></span> <span class='ocrx_word' id='word_1_304' title='bbox 1080 3411 1142 3482; x_wconf 71' lang='lat' dir='ltr'><strong>tlt).</strong></span> 
     </span>
    </p>

    <p class='ocr_par' dir='ltr' id='par_1_6' title="bbox 249 3499 1560 3810">
     <span class='ocr_line' id='line_1_32' title="bbox 324 3499 1560 3572; baseline -0.002 -18"><span class='ocrx_word' id='word_1_305' title='bbox 324 3503 366 3570; x_wconf 94' lang='grc'><strong>16)</strong></span> <span class='ocrx_word' id='word_1_306' title='bbox 385 3500 438 3554; x_wconf 84' lang='lat' dir='ltr'><strong>hec</strong></span> <span class='ocrx_word' id='word_1_307' title='bbox 451 3501 514 3570; x_wconf 85' lang='lat' dir='ltr'><strong>ipsa</strong></span> <span class='ocrx_word' id='word_1_308' title='bbox 528 3517 600 3569; x_wconf 82' lang='lat' dir='ltr'><strong>quae</strong></span> <span class='ocrx_word' id='word_1_309' title='bbox 614 3501 655 3554; x_wconf 82' lang='lat' dir='ltr'><strong>ite</strong></span> <span class='ocrx_word' id='word_1_310' title='bbox 669 3500 762 3554; x_wconf 81' lang='lat' dir='ltr'><strong>evenit</strong></span> <span class='ocrx_word' id='word_1_311' title='bbox 776 3500 885 3554; x_wconf 88' lang='lat' dir='ltr'><strong>ratione</strong></span> <span class='ocrx_word' id='word_1_312' title='bbox 900 3499 1126 3570; x_wconf 88' lang='lat' dir='ltr'><strong>supplementum</strong></span> <span class='ocrx_word' id='word_1_313' title='bbox 1139 3500 1319 3572; x_wconf 88' lang='grc' dir='ltr'><strong><em>πρυτάν]εσιν</em></strong></span> <span class='ocrx_word' id='word_1_314' title='bbox 1334 3499 1479 3554; x_wconf 90' lang='lat' dir='ltr'><strong>commode</strong></span> <span class='ocrx_word' id='word_1_315' title='bbox 1494 3515 1560 3553; x_wconf 86' lang='lat' dir='ltr'><strong>eon·</strong></span> 
     </span>
     <span class='ocr_line' id='line_1_33' title="bbox 249 3579 1560 3651; baseline -0.002 -16"><span class='ocrx_word' id='word_1_316' title='bbox 249 3581 354 3635; x_wconf 83' lang='lat' dir='ltr'><strong>firmari</strong></span> <span class='ocrx_word' id='word_1_317' title='bbox 376 3584 463 3651; x_wconf 86' lang='lat' dir='ltr'><strong>patet.</strong></span> <span class='ocrx_word' id='word_1_318' title='bbox 501 3579 630 3635; x_wconf 82' lang='lat' dir='ltr'><strong>Ceterum</strong></span> <span class='ocrx_word' id='word_1_319' title='bbox 653 3580 773 3634; x_wconf 83' lang='lat' dir='ltr'><strong>alterum</strong></span> <span class='ocrx_word' id='word_1_320' title='bbox 797 3581 832 3634; x_wconf 92' lang='lat' dir='ltr'><strong>de</strong></span> <span class='ocrx_word' id='word_1_321' title='bbox 857 3579 984 3650; x_wconf 84' lang='lat' dir='ltr'><strong>partibus</strong></span> <span class='ocrx_word' id='word_1_322' title='bbox 1003 3584 1154 3650; x_wconf 80' lang='lat' dir='ltr'><strong>prytanum</strong></span> <span class='ocrx_word' id='word_1_323' title='bbox 1173 3579 1374 3646; x_wconf 88' lang='lat' dir='ltr'><strong>testimonium,</strong></span> <span class='ocrx_word' id='word_1_324' title='bbox 1400 3580 1560 3648; x_wconf 87' lang='lat' dir='ltr'><strong>quodcum</strong></span> 
     </span>
     <span class='ocr_line' id='line_1_34' title="bbox 251 3655 1560 3732; baseline 0 -19"><span class='ocrx_word' id='word_1_325' title='bbox 251 3661 304 3716; x_wconf 92' lang='lat' dir='ltr'><strong>hoc</strong></span> <span class='ocrx_word' id='word_1_326' title='bbox 326 3677 383 3714; x_wconf 94' lang='lat' dir='ltr'><strong>non</strong></span> <span class='ocrx_word' id='word_1_327' title='bbox 401 3659 485 3731; x_wconf 85' lang='lat' dir='ltr'><strong>plane</strong></span> <span class='ocrx_word' id='word_1_328' title='bbox 504 3661 642 3728; x_wconf 89' lang='lat' dir='ltr'><strong>convenit,</strong></span> <span class='ocrx_word' id='word_1_329' title='bbox 666 3659 747 3715; x_wconf 86' lang='lat' dir='ltr'><strong>affert</strong></span> <span class='ocrx_word' id='word_1_330' title='bbox 766 3659 851 3715; x_wconf 88' lang='lat' dir='ltr'><strong>schol.</strong></span> <span class='ocrx_word' id='word_1_331' title='bbox 867 3660 951 3715; x_wconf 81' lang='lat' dir='ltr'><strong>Arist.</strong></span> <span class='ocrx_word' id='word_1_332' title='bbox 972 3661 1021 3730; x_wconf 83' lang='lat' dir='ltr'><strong>Eq.</strong></span> <span class='ocrx_word' id='word_1_333' title='bbox 1038 3667 1088 3715; x_wconf 83' lang='grc'><strong>301</strong></span> <span class='ocrx_word' id='word_1_334' title='bbox 1113 3661 1181 3726; x_wconf 73' lang='grc' dir='ltr'><strong><em>ἔθος</em></strong></span> <span class='ocrx_word' id='word_1_335' title='bbox 1204 3659 1256 3730; x_wconf 81' lang='grc' dir='ltr'><strong><em>γὰρ</em></strong></span> <span class='ocrx_word' id='word_1_336' title='bbox 1275 3655 1352 3732; x_wconf 74' lang='grc' dir='ltr'><strong><em>εἶχον</em></strong></span> <span class='ocrx_word' id='word_1_337' title='bbox 1370 3660 1421 3724; x_wconf 80' lang='grc' dir='ltr'><strong><em>τὰς</em></strong></span> <span class='ocrx_word' id='word_1_338' title='bbox 1439 3660 1560 3723; x_wconf 75' lang='grc' dir='ltr'><strong><em>δεκάτας</em></strong></span> 
     </span>
     <span class='ocr_line' id='line_1_35' title="bbox 249 3739 1070 3810; baseline -0.001 -15"><span class='ocrx_word' id='word_1_339' title='bbox 249 3749 304 3796; x_wconf 83' lang='grc' dir='ltr'><strong>τῶν</strong></span> <span class='ocrx_word' id='word_1_340' title='bbox 323 3739 472 3810; x_wconf 77' lang='grc' dir='ltr'><strong><em>θυομένων</em></strong></span> <span class='ocrx_word' id='word_1_341' title='bbox 491 3749 550 3802; x_wconf 86' lang='grc' dir='ltr'><strong><em>τοῖς</em></strong></span> <span class='ocrx_word' id='word_1_342' title='bbox 567 3740 737 3810; x_wconf 78' lang='grc' dir='ltr'><strong><em>πρυτάνεσιν</em></strong></span> <span class='ocrx_word' id='word_1_343' title='bbox 756 3739 783 3795; x_wconf 77' lang='lat' dir='ltr'><strong>ol</strong></span> <span class='ocrx_word' id='word_1_344' title='bbox 802 3739 930 3810; x_wconf 77' lang='grc' dir='ltr'><strong><em>μάγειροι</em></strong></span> <span class='ocrx_word' id='word_1_345' title='bbox 949 3739 1070 3796; x_wconf 88' lang='grc' dir='ltr'><strong><em>διδόναι.</em></strong></span> 
     </span>
    </p>
   </div>
   <div class='ocr_carea' id='block_1_5' title="bbox 250 3828 1561 4302">
    <p class='ocr_par' dir='ltr' id='par_1_7' title="bbox 250 3828 1561 4302">
     <span class='ocr_line' id='line_1_36' title="bbox 323 3828 1560 3900; baseline -0.002 -16"><span class='ocrx_word' id='word_1_346' title='bbox 323 3833 366 3900; x_wconf 83' lang='grc'><strong>17)</strong></span> <span class='ocrx_word' id='word_1_347' title='bbox 386 3831 471 3885; x_wconf 88' lang='lat' dir='ltr'><strong>duces</strong></span> <span class='ocrx_word' id='word_1_348' title='bbox 490 3829 618 3899; x_wconf 87' lang='lat' dir='ltr'><strong>equitum</strong></span> <span class='ocrx_word' id='word_1_349' title='bbox 637 3829 730 3884; x_wconf 89' lang='lat' dir='ltr'><strong>omitti</strong></span> <span class='ocrx_word' id='word_1_350' title='bbox 749 3829 860 3898; x_wconf 76' lang='lat' dir='ltr'><strong>nahum,</strong></span> <span class='ocrx_word' id='word_1_351' title='bbox 880 3829 1082 3884; x_wconf 86' lang='lat' dir='ltr'><strong>Demosthenes</strong></span> <span class='ocrx_word' id='word_1_352' title='bbox 1101 3830 1216 3899; x_wconf 90' lang='lat' dir='ltr'><strong>quidem</strong></span> <span class='ocrx_word' id='word_1_353' title='bbox 1236 3830 1297 3885; x_wconf 90' lang='lat' dir='ltr'><strong>loce</strong></span> <span class='ocrx_word' id='word_1_354' title='bbox 1312 3829 1361 3883; x_wconf 92' lang='lat' dir='ltr'><strong>illc</strong></span> <span class='ocrx_word' id='word_1_355' title='bbox 1377 3828 1560 3883; x_wconf 88' lang='lat' dir='ltr'><strong>celeberrimo</strong></span> 
     </span>
     <span class='ocr_line' id='line_1_37' title="bbox 250 3908 1561 3983; baseline -0.001 -19"><span class='ocrx_word' id='word_1_356' title='bbox 250 3910 299 3980; x_wconf 87' lang='lat' dir='ltr'><strong>(IV</strong></span> <span class='ocrx_word' id='word_1_357' title='bbox 314 3913 371 3980; x_wconf 78' lang='lat'>26):</span> <span class='ocrx_word' id='word_1_358' title='bbox 397 3912 449 3966; x_wconf 72' lang='lat' dir='ltr'><strong>oda</strong></span> <span class='ocrx_word' id='word_1_359' title='bbox 468 3911 663 3982; x_wconf 74' lang='grc' dir='ltr'><strong><em>ἐχειροτονεῖτε</em></strong></span> <span class='ocrx_word' id='word_1_360' title='bbox 682 3908 711 3966; x_wconf 86' lang='grc' dir='ltr'><strong>δ’</strong></span> <span class='ocrx_word' id='word_1_361' title='bbox 727 3911 756 3976; x_wconf 81' lang='grc' dir='ltr'><strong>έξ</strong></span> <span class='ocrx_word' id='word_1_362' title='bbox 774 3911 852 3980; x_wconf 79' lang='grc' dir='ltr'><strong><em>ὑμῶν</em></strong></span> <span class='ocrx_word' id='word_1_363' title='bbox 871 3911 963 3965; x_wconf 79' lang='grc' dir='ltr'><strong><em>αὐτῶν</em></strong></span> <span class='ocrx_word' id='word_1_364' title='bbox 983 3909 1052 3966; x_wconf 88' lang='grc' dir='ltr'><strong><em>δέκα</em></strong></span> <span class='ocrx_word' id='word_1_365' title='bbox 1071 3909 1239 3983; x_wconf 76' lang='grc' dir='ltr'><strong><em>ταξιάρχους</em></strong></span> <span class='ocrx_word' id='word_1_366' title='bbox 1256 3911 1305 3966; x_wconf 78' lang='grc' dir='ltr'><strong>καὶ</strong></span> <span class='ocrx_word' id='word_1_367' title='bbox 1324 3911 1494 3981; x_wconf 73' lang='grc' dir='ltr'><strong><em>στρατηγοὺς</em></strong></span> <span class='ocrx_word' id='word_1_368' title='bbox 1512 3911 1561 3963; x_wconf 75' lang='grc' dir='ltr'><strong>καὶ</strong></span> 
     </span>
     <span class='ocr_line' id='line_1_38' title="bbox 251 3986 1559 4064; baseline -0.002 -19"><span class='ocrx_word' id='word_1_369' title='bbox 251 3991 412 4064; x_wconf 73' lang='grc' dir='ltr'><strong><em>φυλάρχους</em></strong></span> <span class='ocrx_word' id='word_1_370' title='bbox 434 3993 482 4046; x_wconf 78' lang='grc' dir='ltr'><strong>καὶ</strong></span> <span class='ocrx_word' id='word_1_371' title='bbox 505 3990 664 4062; x_wconf 73' lang='grc' dir='ltr'><strong><em>ἱππάρχους</em></strong></span> <span class='ocrx_word' id='word_1_372' title='bbox 686 3990 752 4059; x_wconf 72' lang='grc' dir='ltr'><strong><em>δάος</em></strong></span> <span class='ocrx_word' id='word_1_373' title='bbox 775 3989 801 4045; x_wconf 83' lang='grc' dir='ltr'><strong>τί</strong></span> <span class='ocrx_word' id='word_1_374' title='bbox 825 3987 876 4046; x_wconf 74' lang='grc' dir='ltr'><strong><em>οὖν</em></strong></span> <span class='ocrx_word' id='word_1_375' title='bbox 900 3986 978 4046; x_wconf 76' lang='grc' dir='ltr'><strong><em>οὗτοι</em></strong></span> <span class='ocrx_word' id='word_1_376' title='bbox 1001 3999 1144 4060; x_wconf 52' lang='lat' dir='ltr'><strong>aoracum</strong></span> <span class='ocrx_word' id='word_1_377' title='bbox 1170 3990 1242 4060; x_wconf 77' lang='grc' dir='ltr'><strong><em>πλὴν</em></strong></span> <span class='ocrx_word' id='word_1_378' title='bbox 1262 3991 1325 4054; x_wconf 69' lang='lat' dir='ltr'><strong>iube</strong></span> <span class='ocrx_word' id='word_1_379' title='bbox 1346 3991 1451 4059; x_wconf 78' lang='grc' dir='ltr'><strong><em>ἀνδρὸς</em></strong></span> <span class='ocrx_word' id='word_1_380' title='bbox 1470 3987 1503 4045; x_wconf 80' lang='grc' dir='ltr'><strong>ὃν</strong></span> <span class='ocrx_word' id='word_1_381' title='bbox 1522 3986 1559 4044; x_wconf 73' lang='grc' dir='ltr'><strong>ἂν</strong></span> 
     </span>
     <span class='ocr_line' id='line_1_39' title="bbox 251 4069 1558 4142; baseline -0.002 -16"><span class='ocrx_word' id='word_1_382' title='bbox 251 4071 409 4142; x_wconf 80' lang='grc' dir='ltr'><strong><em>ἐκπέμψητε</em></strong></span> <span class='ocrx_word' id='word_1_383' title='bbox 428 4073 475 4128; x_wconf 76' lang='grc' dir='ltr'><strong>ἐπὶ</strong></span> <span class='ocrx_word' id='word_1_384' title='bbox 493 4071 542 4127; x_wconf 81' lang='grc' dir='ltr'><strong>τὸν</strong></span> <span class='ocrx_word' id='word_1_385' title='bbox 561 4070 681 4142; x_wconf 75' lang='grc' dir='ltr'><strong><em>πόλεμον</em></strong></span> <span class='ocrx_word' id='word_1_386' title='bbox 700 4071 728 4126; x_wconf 80' lang='grc' dir='ltr'><strong>σέ</strong></span> <span class='ocrx_word' id='word_1_387' title='bbox 746 4072 839 4126; x_wconf 78' lang='grc' dir='ltr'><strong><em>λοιποὶ</em></strong></span> <span class='ocrx_word' id='word_1_388' title='bbox 858 4070 908 4133; x_wconf 84' lang='grc' dir='ltr'><strong><em>τὰς</em></strong></span> <span class='ocrx_word' id='word_1_389' title='bbox 925 4070 1040 4141; x_wconf 82' lang='grc' dir='ltr'><strong><em>πομπὰς</em></strong></span> <span class='ocrx_word' id='word_1_390' title='bbox 1062 4069 1218 4140; x_wconf 81' lang='grc' dir='ltr'><strong><em>πέμπουσιν</em></strong></span> <span class='ocrx_word' id='word_1_391' title='bbox 1238 4069 1380 4140; x_wconf 79' lang='grc' dir='ltr'><strong><em>μετὰτῶν</em></strong></span> <span class='ocrx_word' id='word_1_392' title='bbox 1399 4069 1558 4139; x_wconf 74' lang='grc' dir='ltr'><strong><em>ἱεροποιῶν.</em></strong></span> 
     </span>
     <span class='ocr_line' id='line_1_40' title="bbox 250 4148 1558 4223; baseline -0.002 -19"><span class='ocrx_word' id='word_1_393' title='bbox 250 4151 343 4206; x_wconf 81' lang='lat' dir='ltr'><strong>Etiam</strong></span> <span class='ocrx_word' id='word_1_394' title='bbox 362 4153 392 4205; x_wconf 94' lang='lat' dir='ltr'><strong>in</strong></span> <span class='ocrx_word' id='word_1_395' title='bbox 409 4151 594 4207; x_wconf 84' lang='lat' dir='ltr'><strong>Parthenonis</strong></span> <span class='ocrx_word' id='word_1_396' title='bbox 614 4151 734 4223; x_wconf 84' lang='lat' dir='ltr'><strong>zophoro</strong></span> <span class='ocrx_word' id='word_1_397' title='bbox 753 4169 809 4206; x_wconf 92' lang='lat' dir='ltr'><strong>non</strong></span> <span class='ocrx_word' id='word_1_398' title='bbox 827 4169 932 4222; x_wconf 85' lang='lat' dir='ltr'><strong>paucos</strong></span> <span class='ocrx_word' id='word_1_399' title='bbox 952 4151 1060 4220; x_wconf 88' lang='lat' dir='ltr'><strong>equites</strong></span> <span class='ocrx_word' id='word_1_400' title='bbox 1080 4151 1204 4221; x_wconf 86' lang='lat' dir='ltr'><strong>sculptos</strong></span> <span class='ocrx_word' id='word_1_401' title='bbox 1223 4167 1284 4206; x_wconf 82' lang='lat' dir='ltr'><strong>esse</strong></span> <span class='ocrx_word' id='word_1_402' title='bbox 1303 4167 1384 4204; x_wconf 90' lang='lat' dir='ltr'><strong>nemo</strong></span> <span class='ocrx_word' id='word_1_403' title='bbox 1404 4149 1494 4204; x_wconf 84' lang='lat' dir='ltr'><strong>nescit</strong></span> <span class='ocrx_word' id='word_1_404' title='bbox 1512 4148 1558 4218; x_wconf 86' lang='lat' dir='ltr'><strong>(cf.</strong></span> 
     </span>
     <span class='ocr_line' id='line_1_41' title="bbox 250 4229 1560 4302; baseline -0.002 -16"><span class='ocrx_word' id='word_1_405' title='bbox 250 4249 273 4286; x_wconf 86' lang='lat' dir='ltr'><strong>e.</strong></span> <span class='ocrx_word' id='word_1_406' title='bbox 288 4251 315 4302; x_wconf 81' lang='lat' dir='ltr'><strong>g.</strong></span> <span class='ocrx_word' id='word_1_407' title='bbox 335 4231 481 4286; x_wconf 84' lang='lat' dir='ltr'><strong>Michaelis</strong></span> <span class='ocrx_word' id='word_1_408' title='bbox 500 4234 659 4288; x_wconf 76' lang='lat' dir='ltr'><strong>Parthenon</strong></span> <span class='ocrx_word' id='word_1_409' title='bbox 676 4233 734 4288; x_wconf 87' lang='lat' dir='ltr'><strong>tab.</strong></span> <span class='ocrx_word' id='word_1_410' title='bbox 751 4231 1073 4302; x_wconf 77' lang='lat' dir='ltr'><strong>10-11,V11-XX111).</strong></span> <span class='ocrx_word' id='word_1_411' title='bbox 1106 4231 1182 4285; x_wconf 90' lang='lat' dir='ltr'><strong>Num</strong></span> <span class='ocrx_word' id='word_1_412' title='bbox 1201 4230 1352 4286; x_wconf 83' lang='lat' dir='ltr'><strong>discrimen</strong></span> <span class='ocrx_word' id='word_1_413' title='bbox 1371 4229 1511 4285; x_wconf 88' lang='lat' dir='ltr'><strong>minorum</strong></span> <span class='ocrx_word' id='word_1_414' title='bbox 1530 4233 1560 4283; x_wconf 92' lang='lat' dir='ltr'><strong>et</strong></span> 
     </span>
    </p>
   </div>
   <div class='ocr_carea' id='block_1_6' title="bbox 249 4312 1342 4382">
    <p class='ocr_par' dir='ltr' id='par_1_8' title="bbox 249 4312 1342 4382">
     <span class='ocr_line' id='line_1_42' title="bbox 249 4312 1342 4382; baseline -0.001 -17"><span class='ocrx_word' id='word_1_415' title='bbox 249 4313 388 4367; x_wconf 84' lang='lat' dir='ltr'><strong>maiorum</strong></span> <span class='ocrx_word' id='word_1_416' title='bbox 405 4312 538 4367; x_wconf 81' lang='lat' dir='ltr'><strong>feriarum</strong></span> <span class='ocrx_word' id='word_1_417' title='bbox 556 4312 611 4368; x_wconf 87' lang='lat' dir='ltr'><strong>huc</strong></span> <span class='ocrx_word' id='word_1_418' title='bbox 629 4313 761 4368; x_wconf 82' lang='lat' dir='ltr'><strong>valebat?</strong></span> <span class='ocrx_word' id='word_1_419' title='bbox 779 4313 862 4367; x_wconf 81' lang='lat' dir='ltr'><strong>aliter</strong></span> <span class='ocrx_word' id='word_1_420' title='bbox 880 4312 1036 4367; x_wconf 89' lang='lat' dir='ltr'><strong>Mommsen</strong></span> <span class='ocrx_word' id='word_1_421' title='bbox 1055 4313 1072 4366; x_wconf 94' lang='lat' dir='ltr'><strong>l.</strong></span> <span class='ocrx_word' id='word_1_422' title='bbox 1089 4330 1111 4366; x_wconf 94' lang='lat' dir='ltr'><strong>c.</strong></span> <span class='ocrx_word' id='word_1_423' title='bbox 1131 4331 1157 4382; x_wconf 92' lang='lat' dir='ltr'><strong>p.</strong></span> <span class='ocrx_word' id='word_1_424' title='bbox 1175 4318 1224 4365; x_wconf 80' lang='lat'><strong>121</strong></span> <span class='ocrx_word' id='word_1_425' title='bbox 1245 4315 1342 4366; x_wconf 79' lang='lat' dir='ltr'><strong>nott.</strong></span> 
     </span>
    </p>
   </div>
   <div class='ocr_carea' id='block_1_7' title="bbox 250 4399 1558 4876">
    <p class='ocr_par' dir='ltr' id='par_1_9' title="bbox 250 4399 1558 4876">
     <span class='ocr_line' id='line_1_43' title="bbox 323 4399 1557 4472; baseline -0.002 -17"><span class='ocrx_word' id='word_1_426' title='bbox 323 4404 366 4472; x_wconf 89' lang='lat'><strong>18)</strong></span> <span class='ocrx_word' id='word_1_427' title='bbox 390 4405 465 4457; x_wconf 86' lang='lat' dir='ltr'><strong>recte</strong></span> <span class='ocrx_word' id='word_1_428' title='bbox 484 4401 514 4456; x_wconf 91' lang='lat' dir='ltr'><strong>id</strong></span> <span class='ocrx_word' id='word_1_429' title='bbox 533 4405 693 4457; x_wconf 86' lang='lat' dir='ltr'><strong>statuerunt</strong></span> <span class='ocrx_word' id='word_1_430' title='bbox 712 4405 741 4458; x_wconf 92' lang='lat' dir='ltr'><strong>et</strong></span> <span class='ocrx_word' id='word_1_431' title='bbox 758 4403 790 4456; x_wconf 77' lang='lat' dir='ltr'><strong>A.</strong></span> <span class='ocrx_word' id='word_1_432' title='bbox 806 4402 960 4457; x_wconf 86' lang='lat' dir='ltr'><strong>Mommsen</strong></span> <span class='ocrx_word' id='word_1_433' title='bbox 979 4419 1006 4471; x_wconf 92' lang='lat' dir='ltr'><strong>p.</strong></span> <span class='ocrx_word' id='word_1_434' title='bbox 1024 4407 1122 4470; x_wconf 81' lang='lat' dir='ltr'><strong>121sq.</strong></span> <span class='ocrx_word' id='word_1_435' title='bbox 1143 4404 1172 4456; x_wconf 86' lang='lat' dir='ltr'><strong>et</strong></span> <span class='ocrx_word' id='word_1_436' title='bbox 1191 4399 1274 4454; x_wconf 88' lang='lat' dir='ltr'><strong>Pfuhl</strong></span> <span class='ocrx_word' id='word_1_437' title='bbox 1294 4401 1338 4455; x_wconf 87' lang='lat' dir='ltr'><strong>De</strong></span> <span class='ocrx_word' id='word_1_438' title='bbox 1353 4401 1462 4470; x_wconf 71' lang='lat' dir='ltr'><strong>posnpis</strong></span> <span class='ocrx_word' id='word_1_439' title='bbox 1479 4417 1507 4468; x_wconf 85' lang='lat' dir='ltr'><strong>p.</strong></span> <span class='ocrx_word' id='word_1_440' title='bbox 1524 4403 1557 4452; x_wconf 84' lang='grc'><strong>10</strong></span> 
     </span>
     <span class='ocr_line' id='line_1_44' title="bbox 250 4485 1558 4634; baseline -0.002 -18"><span class='ocrx_word' id='word_1_441' title='bbox 250 4485 307 4536; x_wconf 40' lang='lat' dir='ltr'><strong>net·</strong></span> <span class='ocrx_word' id='word_1_442' title='bbox 323 4487 421 4633; x_wconf 53' lang='lat' dir='ltr'><strong>iiiut.</strong></span> <span class='ocrx_word' id='word_1_443' title='bbox 440 4567 516 4618; x_wconf 87' lang='lat' dir='ltr'><strong>recte</strong></span> <span class='ocrx_word' id='word_1_444' title='bbox 536 4564 707 4634; x_wconf 81' lang='lat' dir='ltr'><strong>comparavit</strong></span> <span class='ocrx_word' id='word_1_445' title='bbox 726 4564 826 4618; x_wconf 87' lang='lat' dir='ltr'><strong>Athen.</strong></span> <span class='ocrx_word' id='word_1_446' title='bbox 842 4563 906 4618; x_wconf 89' lang='lat' dir='ltr'>XIII</span> <span class='ocrx_word' id='word_1_447' title='bbox 924 4582 952 4634; x_wconf 91' lang='lat' dir='ltr'><strong>p.</strong></span> <span class='ocrx_word' id='word_1_448' title='bbox 967 4562 1039 4618; x_wconf 79' lang='lat' dir='ltr'><strong>osef</strong></span> <span class='ocrx_word' id='word_1_449' title='bbox 1062 4564 1093 4618; x_wconf 85' lang='grc' dir='ltr'><strong>έν</strong></span> <span class='ocrx_word' id='word_1_450' title='bbox 1111 4560 1206 4618; x_wconf 71' lang='grc' dir='ltr'><strong><em>Ἤλιδι</em></strong></span> <span class='ocrx_word' id='word_1_451' title='bbox 1224 4563 1255 4618; x_wconf 83' lang='grc' dir='ltr'><strong>δὲ</strong></span> <span class='ocrx_word' id='word_1_452' title='bbox 1275 4563 1323 4616; x_wconf 74' lang='grc' dir='ltr'><strong>καὶ</strong></span> <span class='ocrx_word' id='word_1_453' title='bbox 1342 4558 1432 4629; x_wconf 77' lang='grc' dir='ltr'><strong><em>κρίσις</em></strong></span> <span class='ocrx_word' id='word_1_454' title='bbox 1450 4557 1558 4629; x_wconf 69' lang='grc' dir='ltr'><strong><em>γίνεται</em></strong></span> 
     </span>
     <span class='ocr_line' id='line_1_45' title="bbox 250 4639 1558 4718; baseline -0.003 -22"><span class='ocrx_word' id='word_1_455' title='bbox 250 4643 368 4708; x_wconf 74' lang='grc' dir='ltr'><strong><em>κάλλους</em></strong></span> <span class='ocrx_word' id='word_1_456' title='bbox 385 4644 434 4698; x_wconf 80' lang='grc' dir='ltr'><strong>καὶ</strong></span> <span class='ocrx_word' id='word_1_457' title='bbox 452 4647 490 4718; x_wconf 78' lang='grc' dir='ltr'><strong>τῷ</strong></span> <span class='ocrx_word' id='word_1_458' title='bbox 508 4647 607 4718; x_wconf 79' lang='grc' dir='ltr'><strong><em>πρώτῳ</em></strong></span> <span class='ocrx_word' id='word_1_459' title='bbox 625 4645 659 4699; x_wconf 84' lang='grc' dir='ltr'><strong>τά</strong></span> <span class='ocrx_word' id='word_1_460' title='bbox 677 4653 727 4714; x_wconf 82' lang='grc' dir='ltr'><strong><em>τῆς</em></strong></span> <span class='ocrx_word' id='word_1_461' title='bbox 743 4647 815 4699; x_wconf 86' lang='grc' dir='ltr'><strong><em>θεοῦ</em></strong></span> <span class='ocrx_word' id='word_1_462' title='bbox 835 4643 931 4714; x_wconf 84' lang='grc' dir='ltr'><strong><em>φέρειν</em></strong></span> <span class='ocrx_word' id='word_1_463' title='bbox 945 4643 1027 4714; x_wconf 79' lang='grc' dir='ltr'><strong><em>τεύχη</em></strong></span> <span class='ocrx_word' id='word_1_464' title='bbox 1042 4641 1162 4711; x_wconf 81' lang='grc' dir='ltr'><strong><em>δέδοται,</em></strong></span> <span class='ocrx_word' id='word_1_465' title='bbox 1180 4647 1219 4717; x_wconf 74' lang='grc' dir='ltr'><strong>τῷ</strong></span> <span class='ocrx_word' id='word_1_466' title='bbox 1233 4644 1265 4698; x_wconf 79' lang='grc' dir='ltr'><strong>δὲ</strong></span> <span class='ocrx_word' id='word_1_467' title='bbox 1284 4639 1405 4714; x_wconf 78' lang='grc' dir='ltr'><strong><em>δευτέρῳ</em></strong></span> <span class='ocrx_word' id='word_1_468' title='bbox 1423 4641 1473 4696; x_wconf 84' lang='grc' dir='ltr'><strong>τὸν</strong></span> <span class='ocrx_word' id='word_1_469' title='bbox 1487 4641 1558 4712; x_wconf 80' lang='grc' dir='ltr'><strong><em>βοῦν</em></strong></span> 
     </span>
     <span class='ocr_line' id='line_1_46' title="bbox 250 4721 1558 4796; baseline -0.003 -18"><span class='ocrx_word' id='word_1_470' title='bbox 250 4723 337 4794; x_wconf 79' lang='grc' dir='ltr'><strong><em>άρειν.</em></strong></span> <span class='ocrx_word' id='word_1_471' title='bbox 370 4723 447 4778; x_wconf 87' lang='lat' dir='ltr'><strong>idem</strong></span> <span class='ocrx_word' id='word_1_472' title='bbox 465 4725 634 4780; x_wconf 83' lang='lat' dir='ltr'><strong>attributum</strong></span> <span class='ocrx_word' id='word_1_473' title='bbox 649 4722 824 4796; x_wconf 78' lang='grc' dir='ltr'><strong><em>Ἀθηναίοις,</em></strong></span> <span class='ocrx_word' id='word_1_474' title='bbox 843 4725 919 4794; x_wconf 88' lang='lat' dir='ltr'><strong>quod</strong></span> <span class='ocrx_word' id='word_1_475' title='bbox 938 4741 1004 4778; x_wconf 82' lang='lat' dir='ltr'><strong>sene</strong></span> <span class='ocrx_word' id='word_1_476' title='bbox 1021 4723 1124 4778; x_wconf 88' lang='lat' dir='ltr'><strong>mirum</strong></span> <span class='ocrx_word' id='word_1_477' title='bbox 1143 4726 1198 4791; x_wconf 86' lang='lat' dir='ltr'><strong>eat,</strong></span> <span class='ocrx_word' id='word_1_478' title='bbox 1221 4723 1287 4778; x_wconf 88' lang='lat' dir='ltr'><strong>inde</strong></span> <span class='ocrx_word' id='word_1_479' title='bbox 1310 4721 1450 4793; x_wconf 81' lang='lat' dir='ltr'><strong>explicare</strong></span> <span class='ocrx_word' id='word_1_480' title='bbox 1475 4723 1558 4774; x_wconf 83' lang='lat' dir='ltr'><strong>acute</strong></span> 
     </span>
     <span class='ocr_line' id='line_1_47' title="bbox 251 4801 1501 4876; baseline -0.002 -19"><span class='ocrx_word' id='word_1_481' title='bbox 251 4804 368 4873; x_wconf 87' lang='lat' dir='ltr'><strong>studuit,</strong></span> <span class='ocrx_word' id='word_1_482' title='bbox 388 4805 463 4873; x_wconf 91' lang='lat' dir='ltr'><strong>quod</strong></span> <span class='ocrx_word' id='word_1_483' title='bbox 482 4805 609 4859; x_wconf 91' lang='lat' dir='ltr'><strong>nonnulli</strong></span> <span class='ocrx_word' id='word_1_484' title='bbox 627 4815 746 4876; x_wconf 75' lang='grc' dir='ltr'><strong><em>πομπεῖς</em></strong></span> <span class='ocrx_word' id='word_1_485' title='bbox 764 4805 801 4859; x_wconf 85' lang='lat' dir='ltr'><strong>ad</strong></span> <span class='ocrx_word' id='word_1_486' title='bbox 819 4805 903 4860; x_wconf 85' lang='lat' dir='ltr'><strong>boves</strong></span> <span class='ocrx_word' id='word_1_487' title='bbox 922 4805 1058 4876; x_wconf 79' lang='lat' dir='ltr'><strong>regendos</strong></span> <span class='ocrx_word' id='word_1_488' title='bbox 1078 4821 1220 4858; x_wconf 86' lang='lat' dir='ltr'><strong>servorum</strong></span> <span class='ocrx_word' id='word_1_489' title='bbox 1239 4821 1323 4874; x_wconf 87' lang='lat' dir='ltr'><strong>opera</strong></span> <span class='ocrx_word' id='word_1_490' title='bbox 1341 4801 1501 4857; x_wconf 78' lang='lat' dir='ltr'><strong>utebantur.</strong></span> 
     </span>
    </p>
   </div>
   <div class='ocr_carea' id='block_1_8' title="bbox 322 4894 1220 4966">
    <p class='ocr_par' dir='ltr' id='par_1_10' title="bbox 322 4894 1220 4966">
     <span class='ocr_line' id='line_1_48' title="bbox 322 4894 1220 4966; baseline 0.001 -19"><span class='ocrx_word' id='word_1_491' title='bbox 322 4897 366 4965; x_wconf 74' lang='grc'><strong>10)</strong></span> <span class='ocrx_word' id='word_1_492' title='bbox 386 4895 421 4948; x_wconf 93' lang='lat' dir='ltr'><strong>de</strong></span> <span class='ocrx_word' id='word_1_493' title='bbox 439 4895 483 4948; x_wconf 91' lang='lat' dir='ltr'><strong>his</strong></span> <span class='ocrx_word' id='word_1_494' title='bbox 501 4895 557 4950; x_wconf 79' lang='lat' dir='ltr'><strong>vid.</strong></span> <span class='ocrx_word' id='word_1_495' title='bbox 572 4895 727 4951; x_wconf 80' lang='lat' dir='ltr'><strong>Mommsen</strong></span> <span class='ocrx_word' id='word_1_496' title='bbox 746 4915 772 4966; x_wconf 94' lang='lat' dir='ltr'><strong>p.</strong></span> <span class='ocrx_word' id='word_1_497' title='bbox 789 4901 918 4966; x_wconf 69' lang='lat' dir='ltr'><strong>ltisqq,</strong></span> <span class='ocrx_word' id='word_1_498' title='bbox 938 4894 1022 4949; x_wconf 80' lang='lat' dir='ltr'><strong>Piuhl</strong></span> <span class='ocrx_word' id='word_1_499' title='bbox 1042 4897 1058 4950; x_wconf 88' lang='lat' dir='ltr'><strong>l.</strong></span> <span class='ocrx_word' id='word_1_500' title='bbox 1074 4913 1095 4950; x_wconf 87' lang='grc' dir='ltr'><strong><em>ο.</em></strong></span> <span class='ocrx_word' id='word_1_501' title='bbox 1116 4899 1149 4948; x_wconf 71' lang='grc'><strong>60</strong></span> <span class='ocrx_word' id='word_1_502' title='bbox 1160 4913 1220 4964; x_wconf 89' lang='lat' dir='ltr'><strong>sqq.</strong></span> 
     </span>
    </p>
   </div>
   <div class='ocr_carea' id='block_1_9' title="bbox 0 0 1730 5458">
    <p class='ocr_par' dir='ltr' id='par_1_11' title="bbox 0 0 1730 5458">
     <span class='ocr_line' id='line_1_49' title="bbox 0 0 1730 5458; baseline 0 1"><span class='ocrx_word' id='word_1_503' title='bbox 0 0 1730 5458; x_wconf 95' lang='lat' dir='ltr'><strong> </strong></span> 
     </span>
    </p>
   </div>
  </div>
 </body>
</html>
