3426 5462
657 316 813 371 urricus
832 335 859 371 n.
874 323 909 370 ιι
1398 319 1438 386 81

125 489 241 563 optime
256 487 351 566 Rang.
366 488 466 564 glossa
479 485 623 563 Hesychii
641 485 786 546 δεισιιίδα·
806 485 861 564 τὴν
875 490 993 565 μοῖραν·
1015 487 1045 546 οί
1062 483 1093 547 δὲ
1108 487 1257 568 διμοιρίαν
1272 487 1440 564 explicavit,

125 587 162 644 cf.
186 587 342 662 praeterea
364 605 393 642 n.
416 585 477 644 113
506 589 545 668 τῷ
570 583 645 664 ἱερεῖ
668 591 721 644 τοῦ
744 577 903 663 Ἡρακλέος
929 617 965 624 -
995 618 1038 625 —
1062 584 1165 664 μερίδα
1188 585 1327 666 δίκρεων,
1354 585 1441 646 Prott

126 683 215 743 Fasti
240 684 258 742 5
283 705 311 742 v.
331 684 372 742 52
402 681 552 767 θυαφόρῳ
575 715 619 724 —-
643 681 739 742 νώτου
762 681 894 762 δίκρεας,
922 683 1024 743 ΒΘΗ
1043 683 1133 760 va.
1154 685 1218 742 434
1242 683 1334 745 δίδον
1362 683 1441 768 αὐτῷ

126 772 389 864 (chiliastyarcho)
412 779 571 860 διμοιρίαν,
595 780 705 841 Herod.
719 781 764 839 VI
784 784 834 840 57.
875 781 971 840 Pelles
995 800 1083 856 porro
1106 782 1155 840 hio
1177 782 1327 860 plerisque
1346 801 1440 843 sacer-

124 879 246 940 dotibus
274 879 487 954 conceduntur,
516 883 607 956 atque
631 872 796 959 Ἦρώ]ινης
826 879 945 955 quidem
968 879 1114 938 sacerdoti
1137 880 1185 940 vel
1209 900 1225 940 e
1247 881 1440 940 sollemnibus

126 978 306 1054 quibusdam
329 982 364 1037 ut
388 970 633 1060 videtur(v.5f6
653 976 763 1038 ἐκτῶν
785 969 931 1059 ..ινίων),
955 978 986 1036 id
1009 977 1088 1056 quod
1111 978 1273 1038 notandum
1294 983 1347 1054 est,
1371 983 1441 1057 quia

124 1076 253 1136 Athenis
268 1077 387 1152 quidem
406 1077 528 1154 pellese
548 1077 654 1136 feriis
673 1079 705 1134 in
721 1078 829 1135 aerarii
847 1075 960 1151 publici
979 1095 1065 1135 usum
1079 1078 1206 1136 veniisse
1226 1080 1343 1137 constat
1361 1084 1391 1137 et
1409 1081 1440 1136 in

124 1177 212 1233 tanto
226 1173 391 1234 hostiarum
411 1194 533 1234 numero
553 1178 785 1234 consentaneum
799 1177 852 1234 eat.
887 1173 1024 1234 Ceterum
1042 1175 1074 1233 in
1093 1175 1295 1235 sacrificiis
1313 1176 1441 1253 puhlicis

125 1273 275 1332 sacerdoti
291 1273 385 1349 pelles
403 1273 505 1333 cedere
525 1292 561 1331 ne
577 1273 702 1332 Athenis
721 1273 842 1348 quidem
860 1272 1030 1331 inauditum
1045 1275 1117 1348 erat,
1136 1273 1172 1331 cl.
1188 1274 1284 1350 legem
1299 1275 1333 1334 de
1348 1277 1440 1335 sacris

127 1373 166 1430 Ἀ.
187 1371 286 1448 Νίκης
309 1392 338 1430 n.
359 1374 398 1430 11
424 1375 490 1432 v.9
520 1369 575 1449 τὴν
598 1368 706 1451 ἱέρειαν
733 1403 769 1411 -
796 1368 846 1430 καί
872 1369 907 1429 τὰ
931 1367 1059 1451 δέρματα
1082 1368 1184 1450 φέρειν
1206 1378 1265 1431 τῶν
1288 1370 1441 1450 δημοσίων

127 1472 157 1528 et
181 1489 258 1545 quae
281 1469 424 1530 adnotavi
447 1469 486 1528 ad
508 1471 555 1529 tit.
574 1470 658 1547 Perg.
682 1490 710 1527 n.
733 1469 795 1528 188
820 1472 850 1528 et
873 1470 919 1528 ad.
939 1471 987 1528 tit.
1006 1469 1102 1528 Halic.
1122 1489 1150 1528 n.
1172 1471 1243 1530 155.

218 1575 292 1636 (ium
319 1576 375 1636 hac
398 1578 498 1636 autem
525 1577 612 1654 pellis
639 1577 826 1637 concessione
853 1577 943 1636 verba
972 1595 1048 1652 quae
1075 1576 1121 1637 bis
1148 1579 1181 1636 in
1208 1577 1273 1656 lege
1300 1578 1441 1657 legrmtur

126 1673 259 1748 ἅπαντος
276 1673 382 1736 steret
401 1673 513 1736 retice:
539 1667 614 1736 l·l·l·
635 1667 677 1758 (v.
693 1677 721 1734 6.
740 1671 795 1758 12)
815 1676 981 1735 cohaerent.
1014 1675 1080 1735 Vox
1103 1673 1208 1736 εὑστόν
1228 1678 1260 1735 in
1278 1697 1338 1736 uuo
1356 1697 1441 1754 prae-

125 1777 210 1834 terea
242 1773 331 1833 titulo
359 1774 512 1834 Milesiaco
541 1775 669 1834 occurrit
696 1795 724 1832 n.
747 1775 809 1832 159
838 1775 905 1832 ab
938 1771 990 1834 ἐὰν
1018 1770 1050 1833 δὲ
1077 1771 1181 1834 edoctu
1204 1772 1268 1859 θύῃ
1296 1771 1315 1852 ἠ
1343 1773 1442 1849 πόλις,

127 1871 254 1947 λείψεται
278 1866 309 1951 (δ
325 1864 440 1954 septbr)
464 1876 609 1952 γλῶσσαν,
633 1867 733 1949 ὀσφὺν
756 1867 875 1949 δασέαν,
899 1869 993 1951 tipus,
1021 1871 1073 1930 ubi
1096 1874 1155 1932 viri
1178 1871 1267 1948 docti,
1290 1892 1364 1948 quos
1386 1875 1442 1932 hoc

126 1971 330 2048 fragmentum
349 1971 477 2049 fugerat,
496 1969 531 2029 de
550 1970 767 2048 significatione
784 1970 976 2046 dubitabant,
996 1988 1073 2029 nunc
1092 1971 1218 2030 conlatis
1237 1971 1350 2032 duobus
1370 1971 1441 2031 locis

126 2088 174 2128 res
197 2071 272 2128 satis
295 2071 452 2145 perspicua
475 2071 532 2128 est:
557 2071 765 2143 emolumenta,
790 2087 865 2144 quae
889 2069 955 2146 lege
974 2068 1091 2128 Milesia
1113 2069 1145 2128 in
1167 2065 1273 2129 edoceri
1296 2068 1441 2130 sacrificio

126 2166 342 2242 decernuntur,
369 2187 388 2226 a
410 2168 515 2228 ceteris
539 2186 573 2227 eo
597 2186 656 2226 uno
680 2166 832 2242 differumt,
866 2166 945 2243 quod
973 2167 1108 2227 sacerdos
1130 2167 1224 2243 pelles
1251 2187 1310 2226 non
1334 2167 1443 2245 accipit

127 2257 180 2345 (cf.
200 2265 239 2324 ad
262 2259 482 2346 n.159u7);
509 2267 540 2324 in
563 2265 619 2325 hac
642 2285 712 2327 vero
735 2265 810 2342 lege,
840 2265 982 2342 quoniam
1004 2268 1130 2342 utroque
1153 2265 1218 2324 loco
1242 2263 1441 2326 antestaret

127 2363 309 2423 mentionem
341 2363 429 2440 peliis
461 2381 483 2422 s.
515 2363 609 2439 pelles
640 2365 719 2423 inter
750 2361 910 2442 ἱερεώσυνα
942 2363 1103 2423 sacerdotis
1130 2365 1332 2438 recensentur,
1363 2362 1442 2436 inde,

127 2461 210 2537 quod
233 2461 425 2539 subiungitur
447 2463 639 2538 praeceptum
658 2459 788 2533 ἅπαντος
806 2457 911 2521 adorei
929 2457 1040 2520 relico:
1062 2453 1148 2520 l·l·l·:
1167 2460 1186 2518 i.
1198 2481 1222 2519 e.
1237 2463 1271 2519 ut
1289 2480 1343 2537 pro
1362 2465 1442 2520 certe

128 2558 258 2634 quodam
281 2559 397 2620 hostiae
419 2579 526 2638 genere
549 2564 610 2620 tres
633 2559 790 2619 drachmae
809 2559 955 2620 sacerdoti
973 2559 1149 2636 pendantur,
1168 2579 1234 2620 cnm
1257 2561 1358 2618 tamen
1380 2559 1442 2618 iam

126 2660 159 2716 in
184 2658 283 2734 capite
306 2659 574 2718 emolumentorum
596 2659 663 2734 ipsa
685 2677 796 2718 merces
820 2659 983 2718 constituta
1007 2659 1055 2733 sit,
1077 2677 1171 2734 paene
1194 2659 1359 2718 necessario
1383 2656 1442 2716 ccl-

127 2755 282 2834 ligendum
305 2759 351 2816 est
374 2757 528 2818 drachma
551 2757 620 2816 illas
643 2775 697 2832 pro
720 2756 797 2833 pelle
820 2774 927 2832 pensas
950 2747 1068 2838 essem),
1090 2756 1123 2815 id
1146 2757 1305 2832 quodiam
1323 2755 1442 2816 Boeckh

128 2854 267 2930 quamvis
293 2855 417 2932 ignarus
444 2856 524 2916 vocis
552 2852 657 2914 εὐστου
686 2855 742 2915 hoc
769 2855 834 2914 loco
862 2857 990 2931 scriptae
1018 2875 1035 2914 e
1062 2856 1126 2914 solo
1153 2873 1265 2914 conexu
1298 2856 1441 2914 orationis

127 2955 215 3012 acute
238 2953 430 3012 concluserat.
476 2953 539 3012 Neo
562 2972 632 3012 vero
655 2972 725 3014 casu
748 2953 861 3014 factum
889 2971 951 3013 esse
979 2953 1128 3028 credibile,
1156 2958 1189 3013 ut
1216 2956 1247 3013 et
1269 2953 1372 3012 Attice
1395 2953 1442 3012 lex

128 3053 160 3109 et
173 3049 294 3110 Milesia
310 3051 367 3110 hac
385 3052 416 3110 in
431 3071 462 3110 re
477 3053 685 3126 consentirent,
703 3053 795 3111 immo
811 3049 962 3130 Eggerum
980 3051 1052 3110 olim
1071 3069 1178 3110 nomen
1197 3047 1301 3111 εὑοτόν
1320 3050 1441 3110 averbo

127 3147 209 3208 ελλειν
231 3151 312 3208 recte
335 3149 497 3226 derivasse,
525 3151 583 3211 etsi
610 3170 670 3209 non
692 3168 814 3226 prorsus
837 3153 915 3209 recte
938 3151 1152 3226 interpretetus
1176 3142 1271 3226 estu),
1300 3151 1442 3226 apparet;

128 3265 165 3306 ea
188 3247 268 3306 enim
291 3249 415 3307 vichma
437 3249 493 3309 hac
515 3267 587 3308 voce
610 3248 844 3326 significabatur,
872 3267 948 3324 quae
971 3247 1168 3323 ustularetur,
1195 3252 1231 3307 ut
1256 3247 1357 3307 nullus
1380 3249 1442 3308 iam

127 3345 218 3421 pellis
250 3363 321 3406 usus
357 3349 447 3422 esset,
483 3347 567 3407 velut
599 3347 720 3406 suillum
752 3347 941 3422 potissimum
972 3365 1066 3424 genus
1103 3350 1196 3423 atque
1229 3365 1346 3406 ansmee
1378 3345 1441 3424 gal-

127 3444 269 3520 linasque
297 3447 327 3504 et
354 3444 381 3504 ri
408 3464 482 3521 quas
511 3445 585 3504 alias
614 3463 684 3504 aves
711 3444 877 3505 sacrificare
905 3444 951 3504 fos
980 3435 1098 3526 erat.¹⁵)
1148 3445 1233 3504 Idem
1259 3445 1353 3522 igitur
1380 3445 1441 3503 fere

128 3543 204 3602 haec
227 3562 284 3602 vox
308 3544 390 3603 valet
418 3548 507 3620 atque
530 3543 607 3602 illud
635 3541 753 3622 δαρτὸν,
782 3543 861 3619 quod
884 3563 979 3619 nuper
1001 3545 1032 3601 in
1056 3544 1152 3602 altera
1174 3543 1240 3620 lege
1263 3542 1366 3602 Attica
1389 3561 1440 3618 ap·

127 3642 234 3718 paruit
260 3661 288 3699 n.
315 3644 370 3716 10,
396 3641 449 3700 ubi
476 3641 627 3718 sportulae
655 3649 714 3700 τῶν
738 3641 853 3722 δαρτῶν
876 3644 907 3700 et
938 3649 996 3700 τῶν
1020 3639 1060 3719 μὴ
1093 3641 1208 3722 δαρτῶν
1237 3633 1289 3723 (sc.
1314 3634 1440 3723 ἱερείων)

129 3738 367 3816 distinguuntur.

220 3835 335 3912 Partes,
358 3857 434 3914 quae
458 3840 489 3896 in
512 3857 615 3899 mensa
638 3857 723 3899 sacra
746 3841 941 3915 seponuntur,
965 3837 1085 3897 eaedem
1107 3857 1223 3913 semper
1246 3839 1328 3897 sunt:
1348 3855 1442 3912 perna

129 3927 256 4018 (κωλῆ),
278 3937 476 3996 usitatissima
503 3936 665 3998 sacerdotis
693 3937 841 4014 sportula,
868 3954 938 4013 pars
962 3939 1060 3996 costae
1088 3928 1229 4018 (πλευρὸν
1253 3928 1377 4017 ἰσχίου),
1405 3937 1442 3996 ct.

128 4056 158 4094 n.
181 4037 236 4108 17,
264 4033 390 4111 denique
418 4030 578 4116 ἡμίκραιρα
604 4035 713 4116 χορδῆς
744 4036 762 4093 i.
783 4054 806 4094 e.
830 4055 899 4112 pars
931 4035 1070 4096 maxillae
1098 4035 1252 4094 sarcimine
1285 4035 1441 4110 complete,

128 4133 230 4210 qualis
253 4133 345 4192 etiam
368 4154 396 4192 n.
416 4135 457 4192 25
482 4134 540 4193 dici
563 4135 690 4194 videtur.

205 4363 249 4429 it)
269 4358 394 4428 pretium
413 4361 512 4428 aptum
531 4358 641 4414 videtur

204 4441 249 4508 14)
269 4439 321 4493 ‘un
333 4440 462 4507 suesce,
483 4440 554 4494 dctis
568 4439 653 4509 lequel
672 4441 709 4494 tes
721 4440 811 4494 chaire
830 4439 862 4493 de
877 4440 904 4494 λα
918 4440 1024 4494 victime
1037 4444 1098 4493 son-t
1112 4438 1228 4510 μέλλετ’
1235 4458 1245 4504 ,·
1264 4436 1441 4508 ὁλοκαίτημα

128 4517 312 4575 intellexerat
325 4517 414 4587 aab,
433 4535 485 4573 nec
502 4522 600 4574 temen
617 4521 701 4587 recte,
720 4519 854 4587 qnoniam
873 4517 965 4572 Mileti
983 4518 1112 4573 sacerdos
1131 4533 1227 4574 cernes
1247 4533 1262 4572 e
1278 4517 1331 4572 tali
1348 4517 1442 4573 hostia

129 4599 293 4670 accipiebat
309 4615 401 4669 neque
420 4599 508 4670 igitur
526 4600 596 4655 haec
615 4617 726 4670 prorsus
745 4599 931 4654 cremabatur.

204 4682 249 4750 lt)
271 4679 357 4749 paulo
379 4680 508 4750 pluribus
531 4683 620 4735 totam
639 4680 713 4735 hano
731 4679 926 4749 quaestionem
949 4679 1065 4750 exposui
1085 4681 1174 4734 MAI
1187 4679 1205 4733 l.
1222 4695 1254 4748 c,
1273 4679 1323 4732 ubi
1345 4682 1441 4734 tamen

129 4763 253 4817 alterum
272 4777 361 4832 genus
379 4761 511 4816 victimae
533 4761 717 4828 ustulandae,
740 4777 818 4827 aves,
841 4761 1066 4830 praetermittere
1085 4777 1140 4814 uon
1159 4759 1253 4826 debui,
1276 4759 1438 4830 praesertim

129 4859 195 4896 cnm
219 4843 317 4911 aperte
333 4845 450 4912 propter
466 4842 520 4896 hoc
538 4859 627 4913 genus
645 4859 701 4896 non
719 4845 856 4910 usurpata
874 4841 912 4895 sit
930 4857 983 4894 vox
1004 4840 1117 4896 suillum
1136 4855 1225 4910 genus
1243 4840 1335 4910 ipsum
1355 4838 1439 4908 signi-

129 4924 218 4978 ficans
237 4921 316 4976 velut
334 4939 360 4975 n.
376 4927 410 4976 st
428 4941 453 4977 v.
469 4929 484 4976 9
505 4921 540 4977 διν
559 4922 591 4978 δέ
608 4943 635 4977 τι
653 4923 702 4976 παλ
720 4922 841 4992 ὑαμινδν
858 4921 926 4995 δύῃ.

183 5022 260 5074 aega
276 5021 449 5064 (incastum
463 5023 498 5064 ed.
509 5024 622 5065 ziehcu.
1210 5015 1225 5064 δ
