3434 5464
482 328 659 385 ANAPHEA
677 349 704 385 n.
720 335 780 385 122.
817 329 1059 385 ASTYPALAEA
1076 349 1104 387 n.
1121 337 1171 385 123
1414 331 1483 396 313

169 499 205 560 de
228 501 345 560 rotione
368 497 422 558 ille
446 500 544 576 operio
568 502 755 576 exponuntur
778 491 819 580 (v.
842 491 987 582 liupo),
1014 501 1088 558 mihi
1112 499 1231 576 quidem
1254 519 1313 560 non
1337 501 1376 559 eb
1399 502 1481 561 omni

166 601 255 674 perte
272 599 431 675 perspicue
450 615 513 657 esse
532 599 636 658 fateor.
674 597 798 657 Interim
821 616 882 657 non
899 599 946 657 hie
964 597 1000 656 de
1020 597 1202 658 oedi‘fioendo
1220 601 1388 675 praeceptis
1406 599 1482 658 titu-

167 693 228 768 lne,
256 696 307 756 sed
335 695 400 773 ipso
423 695 574 756 'Ilmothei
598 696 721 756 coneili0
745 714 780 755 oc
807 695 963 775 rogatione
986 696 1188 756 memorabilis
1212 699 1269 756 est:
1301 697 1378 755 tolio
1401 696 1480 755 enim

168 793 231 854 sire
257 793 378 870 publico
406 796 469 854 siue
497 795 616 871 privato
645 796 765 870 sumptu
793 812 828 853 oc
852 793 975 854 coneilio
998 812 1140 872 pereeepe
1163 797 1245 854 fecte
1267 813 1329 855 esee
1356 795 1388 852 in
1410 812 1482 872 pro·

166 893 272 968 patulo
296 895 349 968 est,
372 892 434 952 red·
447 893 547 951 nullus
570 895 726 968 praetereo
749 891 785 950 de
804 893 867 952 eius
886 891 966 950 modi
988 912 1021 951 re
1040 896 1124 952 extet
1141 893 1247 953 titulus
1265 893 1434 969 pecufierie.

255 990 292 1048 V.
314 992 355 1049 12
383 988 435 1050 τὸν
457 987 631 1070 Εὐδώοειον
654 982 738 1049 οίκον
760 987 810 1050 καί
833 989 885 1050 τὸν
907 989 1095 1050 Μειδίλειονε
1126 1009 1186 1049 non
1213 991 1350 1067 privatae
1374 989 1482 1050 domus

167 1088 317 1163 dicuntur,
339 1088 373 1147 id
394 1087 474 1164 quod
497 1087 577 1146 hond
600 1087 690 1147 dubie
713 1107 784 1148 voce
808 1086 887 1148 otreio
910 1087 1110 1165 significatum
1133 1081 1251 1170 eseet⁶)‚
1274 1088 1324 1147 sed
1343 1085 1482 1147 aedificio

167 1187 206 1246 erl
232 1205 319 1246 usum
346 1187 446 1245 neseio
475 1205 563 1262 quern
586 1203 703 1246 enorum
732 1185 769 1245 ab
792 1186 913 1246 Endoro
940 1185 1070 1262 quodem
1097 1188 1128 1245 et
1149 1186 1272 1246 Meidilo
1299 1188 1481 1246 consecrate.

166 1285 214 1344 An
234 1285 357 1343 heroum
376 1284 486 1344 eecelle
505 1275 702 1360 dicunturrll
739 1283 880 1355 Μιδύίος
899 1285 1019 1360 quidem
1036 1284 1123 1344 heroe
1142 1303 1308 1362 eponymus
1326 1283 1481 1360 phrotrioe

166 1382 343 1461 Aeginensie
367 1383 498 1442 occurrit
520 1381 610 1442 schol.
630 1381 714 1441 Pind.
734 1381 823 1459 Pyth.
838 1381 913 1440 VIII
933 1383 983 1441 53.

256 1480 292 1538 V.
309 1483 349 1540 13
374 1477 390 1542 δ
414 1477 514 1559 βωμὸς
537 1487 590 1540 τοῦ
607 1479 742 1557 Κτησίου
764 1477 815 1538 ιιοιί
837 1476 869 1539 τὸ
889 1479 1024 1552 ξοάνιονι
1048 1481 1221 1540 notissimus
1245 1479 1321 1552 Ζεὺς
1339 1478 1479 1558 Κτήσιος,

166 1578 218 1638 sed
240 1577 322 1656 qnod
343 1578 392 1638 hio
415 1597 524 1638 nornen
544 1577 625 1638 Iovis
648 1577 744 1653 deest,
767 1578 798 1636 id
820 1597 880 1638 non
904 1579 987 1638 oneui
1009 1579 1058 1637 vel
1080 1577 1337 1655 breviloquentiee
1361 1577 1479 1636 cuidem

164 1677 276 1751 tribuo,
299 1675 350 1734 sed
373 1695 432 1735 non
456 1675 577 1750 dubito,
601 1677 673 1752 quin
697 1676 864 1752 antiquitus
887 1677 1031 1736 hocloco
1054 1695 1141 1736 nemo
1164 1676 1223 1736 nisi
1245 1674 1376 1753 Κτήσιος
1398 1675 1480 1735 solue

164 1779 321 1851 temquem
343 1777 482 1852 proprius
505 1775 577 1834 deus
601 1774 699 1834 cultus
718 1774 766 1848 sit,
790 1777 846 1833 etei
865 1777 1007 1834 nimirum
1025 1776 1203 1836 recentiores
1220 1775 1354 1835 homines
1373 1779 1480 1853 sponte

163 1873 266 1933 Iovem
299 1873 399 1931 animo
433 1871 658 1952 intellegebant.
715 1870 836 1931 Cultum
867 1871 923 1931 hoo
955 1874 1020 1933 loeo
1053 1875 1210 1948 antiquum
1241 1873 1333 1932 fnisse
1365 1875 1414 1933 vel
1445 1872 1481 1935 τὸ

164 1969 286 2042 ξοάνων
308 1970 384 2030 illud
411 1973 555 2045 testetur,
584 1970 665 2046 quod
691 1973 842 2031 iustumne
865 1970 1057 2030 simulacrum
1080 1973 1184 2047 fuerit,
1208 1970 1322 2030 dubito.
1369 1970 1478 2042 Quom-

165 2087 254 2145 qunm
275 2069 370 2128 elmile
385 2070 505 2147 signum
519 2069 599 2144 qnod
613 2067 740 2128 decr-ibit
754 2067 927 2127 Autoclides
944 2061 1066 2150 (Athen.
1076 2066 1119 2128 XI
1129 2060 1243 2150 4730):
1258 2067 1331 2140 Διὸς
1344 2067 1480 2146 Κτησίου

163 2171 270 2244 σημεῖα
278 2159 305 2248 8)
329 2165 484 2247 ἱδρύεσθαι
509 2164 563 2246 χρὴ
588 2157 657 2226 ὧδε·
681 2165 824 2226 καδίσκον
847 2165 951 2226 καινὸν
975 2167 1082 2227 δίωτον
1104 2164 1348 2244 ἐτιθηματοῦντα
1371 2163 1478 2244 στέψαι

163 2262 199 2324 τὰ
227 2256 287 2324 ὦτα
314 2262 383 2348 ἐρίῳ
411 2267 505 2346 λευκῷ
529 2261 579 2324 καί
601 2262 634 2324 ίιι
656 2272 709 2324 τοῦ
738 2261 821 2342 ὤμου
844 2271 897 2325 τοῦ
921 2263 1019 2337 δεξιοῦ
1042 2261 1092 2324 καί
1115 2261 1147 2324 ἐκ
1174 2272 1226 2324 τοῦ
1251 2263 1386 2342 μετώπου
1409 2265 1481 2339 κτλ,

165 2382 225 2422 non
249 2362 310 2421 dici
330 2361 411 2422 idem
434 2380 541 2421 nomen
565 2359 686 2434 ξοάνων
710 2364 784 2422 setis
807 2361 915 2439 prodit.

254 2585 322 2641 128.
346 2584 581 2654 Astypaleeee
599 2585 630 2639 in
648 2584 769 2640 ecclesio
787 2584 814 2639 8.
828 2585 979 2639 Enetethii.
1008 2584 1078 2640 Edd.
1093 2584 1200 2639 Dnboie
1220 2586 1316 2641 ΒΘΗ
1325 2585 1479 2656 vumere)

163 2684 191 2735 p.
206 2670 257 2719 477
278 2683 305 2720 n.
322 2673 350 2732 1,
374 2664 490 2720 Beohtel
508 2665 623 2720 SGDI
638 2671 722 2734 3472,
745 2664 849 2720 Michel
868 2666 980 2720 Recuerl
999 2671 1064 2732 794,
1090 2665 1180 2720 Hiller
1198 2683 1223 2720 v.
1239 2665 1409 2738 Gartringen
1427 2665 1479 2720 16

165 2745 245 2800 ulle
264 2764 291 2800 n.
307 2751 358 2800 183
387 2748 416 2799 et
443 2745 534 2815 suppl.
554 2763 582 2816 p.
597 2751 664 2815 278,
691 2745 891 2816 Dittenberger
913 2745 996 2817 Syll!
1014 2751 1075 2800 568.
1113 2745 1152 2799 cf.
1174 2747 1261 2801 etiem
1283 2744 1481 2801 Heuseoullier

164 2827 230 2881 Rev.
245 2827 304 2880 oric.
326 2829 395 2880 1900
413 2843 442 2894 p.
458 2829 500 2879 ee.

558 2944 620 3025 Ἐ]ε
635 2946 672 3010 τὸ
687 2945 776 3024 ἱερὸν
792 2947 832 3026 μή
848 2946 981 3025 ἐτέρπεν
996 2945 1048 3011 ὅ(-

559 3072 605 3116 τι(
629 3054 670 3131 μὴ
695 3051 794 3128 ἁγνός
819 3052 894 3128 ἐστι,
920 3053 940 3130 ἢ
963 3057 1048 3117 celer

558 3159 578 3236 ἢ
612 3159 713 3223 αὐτῶι
746 3159 782 3224 ἐν
813 3163 873 3223 νῶι
907 3159 1048 3224 ἐσσεῖται.

253 3331 328 3420 Lep,
352 3349 444 3408 quom
467 3332 518 3390 rix
541 3333 637 3392 multo
659 3336 728 3409 post
751 3351 778 3392 e.
799 3352 824 3392 a.
840 3331 907 3392 Chr.
921 3353 950 3390 n.
966 3334 1031 3394 300
1059 3337 1212 3392 exaratum
1234 3332 1333 3393 Hiller
1354 3332 1479 3406 iudicet,

164 3429 305 3488 similiter
328 3449 362 3489 ee
384 3430 466 3508 leges
488 3450 516 3488 n.
532 3433 584 3490 49.
606 3432 736 3491 90-92.
758 3431 829 3490 148.
852 3432 914 3490 192
939 3433 1019 3490 caete
1042 3432 1074 3489 in
1094 3431 1235 3490 sacellum
1253 3433 1365 3489 Intrare
1385 3429 1480 3504 iubet,

162 3527 297 3587 breviore
324 3547 395 3588 eone
417 3528 520 3602 modo,
547 3528 600 3587 sed
627 3528 666 3588 ob
692 3529 724 3588 id
746 3527 846 3605 ipsum
869 3529 996 3588 fortusse
1018 3530 1114 3606 magis
1137 3547 1172 3586 ex
1200 3530 1325 3604 antiquo
1349 3527 1476 3588 Graeco·

161 3644 264 3684 oorum
292 3645 357 3686 usn.
403 3625 555 3686 Posterior
580 3645 651 3703 pers
678 3627 763 3686 tituli
789 3629 901 3686 certem
926 3626 1021 3686 adhuc
1048 3626 1325 3704 interpretationem
1348 3647 1408 3688 non
1431 3627 1477 3684 in-

162 3723 246 3783 venit
269 3725 406 3800 quemvis
430 3725 513 3784 verie
535 3727 697 3802 temptata:
728 3725 851 3784 Bechtel
874 3744 942 3784 eum
964 3724 1116 3801 prohiberi
1140 3726 1318 3800 coniecernt,
1341 3727 1478 3801 quinon

163 3824 242 3881 esset
263 3841 356 3898 purus
380 3823 498 3882 slvere
521 3825 584 3882 sive
607 3823 763 3882 voluntale
787 3826 818 3882 et
840 3823 978 3896 oonsilio,
1005 3823 1036 3881 id
1059 3823 1139 3898 quod
1161 3821 1295 3882 Dittenb.
1318 3826 1397 3882 reete
1420 3824 1476 3882 im·

161 3918 303 3995 probavit
326 3937 394 3978 oum
415 3923 540 3996 propter
561 3920 718 3980 indicativi
736 3921 831 3978 futuri
849 3939 936 3979 nsum
955 3919 986 3978 in
1007 3921 1063 3980 hac
1082 3923 1241 3980 conexione
1260 3923 1476 3980 sententiarum

162 4036 298 4094 pravum,
321 4020 386 4077 tum
410 4019 482 4094 quin
503 4017 558 4077 εἴτε
578 4050 622 4059 --
640 4017 695 4077 εἴτε
719 4018 875 4077 dicendum
898 4019 1003 4078 fuisset
1026 4037 1080 4096 pro
1103 4015 1122 4096 ἥ
1142 4050 1184 4060 -
1203 4015 1232 4096 ἤ.
1274 4019 1479 4078 Wilnmowitn

163 4115 243 4191 opud
270 4114 420 4174 Hillerum
452 4118 666 4194 interpretetus
697 4119 742 4176 est
770 4112 840 4176 ‘out
864 4117 988 4175 νινίίονι
1014 4116 1104 4176 solvet
1130 4121 1183 4176 σνί
1208 4109 1475 4196 ἒνθνμηθήσετοιι’

163 4211 219 4272 cui
241 4213 349 4272 iterum
373 4213 506 4272 Dittenb.
530 4215 610 4273 recte
639 4212 747 4274 obiecit
775 4214 811 4274 de
834 4215 937 4274 multis
960 4211 1111 4274 ἀποτίνειν
1134 4235 1194 4275 non
1221 4219 1312 4275 τελεῖν
1334 4217 1478 4292 usurpari

162 4310 266 4386 solere,
289 4329 344 4371 neo
367 4312 487 4370 omnino
510 4311 576 4389 lege
599 4312 725 4372 multem
748 4311 935 4372 indefinitam
957 4313 1089 4388 relinqui
1111 4313 1277 4390 oportebat.
1318 4314 1383 4372 Iem
1404 4332 1479 4373 vero
1571 4389 1581 4406 ·

161 4411 226 4484 ipse
249 4409 285 4468 D.
302 4403 370 4494 fed
397 4412 560 4468 extremum
588 4405 750 4468 auxilium’
779 4411 836 4469 sibi
864 4409 1095 4489 confugiendum
1123 4414 1207 4471 retus
1233 4413 1479 4472 terminationem

252 4600 278 4664 o)
299 4595 335 4650 ef.
355 4611 427 4666 quoe
446 4596 481 4651 de
501 4597 556 4652 hoo
574 4613 604 4651 re
623 4598 719 4651 monui
739 4597 776 4652 ed
794 4617 821 4652 n.
837 4603 870 4652 95
889 4617 917 4668 p.
933 4605 985 4652 274
1005 4599 1089 4654 etad
1106 4617 1134 4653 n.
1151 4605 1201 4654 112
1220 4617 1248 4668 p.
1263 4603 1361 4668 296εο.

253 4680 278 4745 7)
298 4674 418 4731 conferri
425 4679 520 4746 potest
528 4672 604 4742 οίιιος
611 4677 799 4747 illeApheeoe
806 4678 1165 4750 oeneotusfflurtwnngler
1172 4679 1477 4750 Μιῑιιοίι.Βίίιιιιιιοιδιιν.Ι

162 4760 230 4811 1901
251 4775 278 4826 p.
294 4761 358 4824 372,
380 4756 499 4811 Frenlrel
519 4757 619 4812 Rheio.
635 4759 711 4814 Μνο.
731 4757 805 4812 LVII
823 4778 850 4829 p.
868 4763 917 4814 152
929 4763 995 4830 σο),
1014 4759 1049 4816 of.
1068 4759 1155 4814 etiem
1176 4760 1250 4816 016
1269 4765 1348 4814 8103.

252 4841 278 4906 8)
306 4836 411 4891 iniuria
433 4837 487 4892 hoo
507 4838 674 4892 vocobulum
691 4838 830 4893 traditum
848 4839 879 4893 In
897 4837 1015 4894 dubium
1033 4842 1162 4894 vocatum
1181 4855 1242 4894 eree
1264 4839 1335 4894 mihi
1353 4838 1478 4906 videtur,

162 4916 197 4972 of.
218 4933 290 4986 quoe
310 4917 347 4971 od
364 4935 392 4971 n.
405 4923 454 4971 127
474 4936 499 4972 v.
515 4923 531 4970 ὃ
550 4919 605 4987 πρὸ
623 4921 654 4973 τὸ
674 4915 776 4989 οαμηίο
795 4919 936 4975 adnotavi.
