3450 5458
236 273 299 338 118
753 262 866 328 Lucis
886 271 1026 330 SACRAE

233 463 303 504 vcro
327 443 385 505 duo
404 444 530 522 collegia
554 444 725 504 Piraeensie
749 443 890 504 Bendidis
919 463 1004 504 sacra
1032 445 1157 504 coluisse
1184 443 1313 503 alterum
1334 443 1544 522 indigenarum

234 542 404 603 Atticorum
422 543 553 602 alterum
568 544 724 616 Thracum,
742 543 772 601 id
792 543 870 618 quod
892 543 938 602 vel
951 561 969 602 e
981 543 1117 603 Platonis
1132 542 1229 602 verbis
1248 542 1350 620 colligi
1369 534 1544 622 poterat¹²),

234 641 376 700 Wilhelm
400 645 487 702 acute
510 663 544 702 eo
572 642 721 719 probavit,
744 641 823 720 quod
847 641 996 702 decretum
1020 641 1128 702 1611
1152 642 1216 700 620
1245 641 1339 702 altero
1362 641 1472 699 mensis
1496 640 1544 699 die

233 740 347 800 factum
370 743 424 815 est,
449 739 507 799 duo
531 743 632 800 autem
651 740 799 799 Thracum
821 740 949 816 decreta,
972 760 1099 817 quorum
1123 739 1252 800 alterum
1275 741 1345 799 huic
1367 739 1457 799 titulo
1476 738 1544 798 sub·

232 840 328 913 iunxi,
351 838 479 898 alterum
503 838 601 898 adhuc
624 839 770 898 ineditum
793 842 846 914 est,
870 841 975 900 octavo
999 840 1107 898 mensis
1131 837 1192 915 die,
1215 857 1269 898 nec
1291 841 1393 898 tamen
1416 838 1481 896 veri
1503 838 1545 897 ei-

234 937 305 995 milc
337 940 383 996 est
415 935 493 997 diem
525 939 697 998 contionum
729 937 860 997 eiusdem
887 938 1018 1016 collegii,
1051 939 1228 1014 praesertim
1255 936 1335 996 haud
1363 937 1408 995 ita
1435 955 1545 1014 magno

235 1036 377 1112 temporie
405 1037 517 1112 spatio,
545 1037 692 1095 mutatam
716 1055 786 1096 esse.
833 1035 974 1112 Sequitur
996 1037 1031 1094 ut
1052 1035 1126 1094 haec
1148 1034 1205 1109 lex,
1228 1052 1305 1110 quae
1330 1034 1424 1094 altero
1449 1033 1545 1093 cuius-

236 1152 293 1208 que
325 1133 432 1193 mensis
461 1133 508 1194 die
537 1137 688 1194 contiones
716 1134 781 1194 fieri
807 1134 981 1211 praecipiat,
1009 1133 1187 1212 orgeonibus
1213 1132 1361 1212 indigenis
1387 1131 1547 1192 tribuenda

236 1232 289 1305 sit,
322 1233 411 1307 atque
443 1233 535 1291 etiam
557 1235 750 1310 praeceptum
776 1230 813 1291 de
841 1234 926 1293 novis
958 1231 1109 1292 sodalibus
1137 1232 1313 1308 recipiendis
1342 1224 1384 1312 (v.
1405 1223 1546 1312 20sqq.),

235 1331 364 1389 maxime
387 1330 477 1390 verba
501 1329 581 1402 ὅπως
604 1323 632 1390 δ’
651 1327 690 1390 ἂν
708 1325 764 1410 ὡ[ς
787 1324 930 1409 cipimus
954 1321 1027 1390 ὦσιν
1045 1326 1187 1410 ὀργεῶνες
1209 1336 1261 1389 τοῦ
1285 1329 1366 1408 ἱεροῦ
1385 1327 1420 1388 de
1439 1331 1546 1389 ceteris

236 1427 444 1490 Piraeeneibue
467 1429 586 1506 aptiora
609 1431 678 1488 eunt
700 1430 864 1506 meliusque
886 1429 1023 1506 intellegi
1045 1431 1170 1505 possunt
1193 1447 1282 1504 quam
1305 1428 1433 1504 deipsis
1453 1427 1546 1486 Thra-

237 1525 328 1601 cibus,
352 1529 464 1604 quippe
488 1547 561 1604 quos
585 1531 691 1604 sponte
714 1528 765 1587 ubi
789 1529 915 1604 quisque
933 1527 1072 1586 Piraeum
1095 1529 1363 1605 transmigraverat
1385 1525 1547 1604 collegium

236 1626 377 1686 introisse
401 1625 464 1684 veri
487 1626 583 1685 simile
607 1628 657 1686 sit.

327 1724 391 1795 Quo
415 1743 493 1785 anno
516 1726 646 1801 primum
664 1725 774 1784 Bendis
798 1727 828 1782 in
845 1725 978 1784 Atticam
996 1725 1173 1800 pervenerit,
1196 1742 1256 1782 non
1275 1725 1355 1784 certo
1374 1715 1547 1803 constatss),

237 1822 288 1882 sed
312 1841 390 1882 anno
410 1817 505 1902 429]ss
525 1841 610 1882 sacra
633 1825 696 1882 eius
715 1824 762 1883 vel
780 1823 898 1900 publice
916 1825 1036 1900 recepta
1054 1823 1145 1882 fuisse
1164 1825 1277 1882 certum
1297 1814 1396 1902 estu)
1434 1819 1548 1880 Eodem

236 1920 332 1998 igitur
355 1923 487 1997 tempore
510 1923 572 1980 iam
594 1922 736 1981 sacellum
759 1920 830 1981 deae
850 1921 1066 2000 collegiumque
1086 1939 1246 1998 orgeonum
1266 1921 1438 1980 institutum
1457 1920 1548 1978 fuisse

238 2023 468 2080 consentaneum
509 2023 563 2079 est.
627 2020 671 2079 Ac
713 2022 740 2080 si
780 2021 884 2097 cippus
921 2019 1043 2096 quidam
1079 2019 1246 2078 terminalis
1281 2020 1313 2077 in
1351 2018 1428 2078 clivo
1463 2018 1548 2078 collis

239 2117 406 2178 Munichiae
428 2119 569 2178 inventus
591 2117 679 2198 Ιιόρος
698 2123 731 2178 rii
750 2121 830 2198 Ιιιερό
849 2119 887 2178 ad
906 2118 1049 2178 sacellum
1068 2118 1210 2178 Bendidis
1227 2109 1414 2198 pertinet¹⁵)‚
1436 2117 1468 2175 id
1487 2118 1548 2174 iam

239 2216 336 2276 medic
368 2216 429 2276 fere
458 2217 576 2277 saeculo
605 2219 711 2293 quinto
739 2217 830 2278 tuisse
858 2218 1030 2277 litteratura
1058 2206 1098 2298 (5
1124 2221 1154 2276 et
1179 2210 1215 2298 R)
1244 2215 1352 2294 prodit.
1399 2214 1485 2274 Unde
1511 2215 1548 2274 de

239 2315 366 2394 collegio
390 2333 554 2393 orgeonum
577 2315 793 2394 indigenarum,
817 2315 855 2374 ad
878 2315 957 2392 quod
979 2316 1052 2376 haec
1075 2315 1123 2375 lex
1145 2317 1284 2392 pertinet,
1308 2314 1448 2374 nimirum
1471 2314 1548 2372 nihil

240 2412 341 2492 colligi
373 2415 484 2489 potest,
517 2413 607 2474 immo
636 2432 685 2474 eos
713 2433 772 2473 non
799 2416 858 2473 nisi
885 2413 1040 2490 eliquanto
1064 2415 1207 2490 temporis
1229 2417 1299 2491 post
1321 2412 1490 2491 exemplum
1511 2413 1549 2472 il-

239 2513 335 2573 lomm
363 2514 479 2573 secutos
507 2531 569 2573 esse
598 2515 825 2572 consentaneum
860 2515 911 2573 est.
963 2513 1075 2572 Tamen
1104 2513 1198 2572 altera
1227 2513 1346 2571 demmn
1373 2511 1417 2570 IV
1433 2529 1459 2569 a.
1481 2511 1547 2571 Chr.

240 2610 351 2670 saeculi
378 2613 464 2688 parte
490 2612 622 2689 primum
648 2611 705 2670 hac
731 2611 796 2688 lege
824 2611 982 2690 collegium
1009 2630 1110 2670 eorum
1133 2613 1307 2671 institutum
1334 2629 1396 2670 esse
1419 2629 1474 2669 nec
1497 2629 1549 2686 per

240 2729 270 2770 se
295 2708 357 2768 veri
381 2708 478 2770 simile
496 2709 569 2768 mihi
590 2709 708 2769 videtur
731 2713 761 2768 et
782 2708 823 2784 id,
843 2710 922 2786 quod
940 2730 968 2768 v.
990 2711 1073 2768 1-2
1094 2710 1216 2769 nomina
1238 2727 1400 2787 orgeonum
1423 2710 1454 2766 in
1473 2708 1549 2769 stela

241 2827 317 2869 esse
340 2808 484 2885 inscripta
503 2808 651 2884 dicuntur,
674 2809 705 2866 ni
729 2809 818 2868 fallor
836 2807 1006 2892 instaurari
1017 2808 1176 2886 collegium
1194 2807 1256 2866 iam
1274 2808 1357 2883 prius
1375 2808 1548 2866 institutum

241 2907 356 2983 probat.
403 2906 448 2966 Ac
470 2906 574 2966 dubito
598 2925 637 2965 an
664 2907 705 2966 sit
727 2906 900 2966 institutum
923 2906 1025 2966 eodem
1048 2906 1109 2965 fere
1132 2907 1274 2983 tempore,
1303 2923 1361 2982 quo
1384 2905 1472 2965 Plato
1497 2904 1547 2964 So·

242 3008 352 3064 cratem
376 3003 412 3063 de
435 3004 588 3082 republica
611 3005 813 3081 disputantem
837 3004 918 3064 facit.
965 3003 1186 3080 Splendidiores
1210 3004 1329 3080 quidem
1352 3003 1452 3078 ferias,
1476 3021 1548 3080 quas

241 3107 305 3164 tum
333 3105 462 3180 primum
491 3106 522 3162 et
548 3103 585 3162 ab
617 3102 766 3181 indigenis
794 3105 824 3161 et
851 3121 870 3161 a
894 3102 1059 3163 Thracibus
1087 3102 1251 3162 celebratae
1279 3121 1342 3162 esse
1368 3101 1419 3161 ille
1446 3100 1549 3176 tradit

242 3221 308 3263 cum
337 3201 461 3282 collegio
489 3220 650 3280 orgeonum
678 3201 715 3260 ab
747 3200 896 3279 indigenis
921 3219 1028 3261 recens
1057 3201 1196 3262 instituto
1224 3201 1380 3261 cohaerere
1407 3201 1549 3278 suspicor.

243 3301 354 3378 Utique
377 3299 532 3360 Platonem
559 3299 657 3360 verbis
681 3294 700 3376 ἡ
728 3307 787 3358 τῶν
810 3297 972 3380 ἐπιχωρίων
998 3297 1103 3384 πομπή
1131 3319 1190 3360 nen
1219 3299 1399 3378 quamlibet
1412 3298 1551 3360 Piraeon·-

242 3399 320 3459 sium
347 3398 456 3458 civium
481 3382 692 3474 frequentiam,
720 3398 771 3457 sed
799 3417 940 3476 orgeones
963 3397 1150 3474 potissimum
1179 3393 1336 3476 indigenas
1364 3398 1548 3474 dicaraper-

243 3516 364 3561 suasum
387 3496 490 3558 habeo.
1096 3517 1098 3521 ·

244 3669 288 3723 est
305 3666 475 3737 Aesculapii·
491 3666 653 3733 consimilis,
677 3667 732 3738 qui·
750 3667 784 3731 in,
799 3666 966 3739 ,anaglypho
990 3665 1172 3730 celeberrimo
1192 3666 1348 3722 Hauniensi
1369 3666 1449 3720 iuxta
1468 3666 1548 3720 deam

243 3749 471 3820 repraesentatus
494 3749 538 3802 est
558 3747 698 3818 (Hartwig
717 3751 732 3802 l.
748 3766 772 3804 c·
794 3747 851 3801 tab.
871 3744 1008 3818 Ifig.1);·
1028 3747 1062 3802 of.
1083 3747 1170 3802 etiam
1189 3747 1274 3804 MAI
1290 3751 1359 3802 1900
1382 3763 1409 3816 p.
1426 3751 1477 3806 172
1501 3745 1550 3808 ubi

245 3829 392 3900 Wiegand·
413 3827 604 3898 anaglyphum
631 3827 756 3884 Samium
785 3827 876 3882 edidit
902 3827 1069 3898 inscriptum
1090 3825 1183 3896 Ἥρως
1206 3825 1365 3896 Antinous:
1402 3827 1550 3882 Nomcna

245 3910 369 3972 somniis
383 3908 578 3964 incubantium
597 3908 736 3964 derivavit
754 3908 896 3972 Perdrinet
915 3910 981 3966 aa.
1001 3909 1027 3962 d
1043 3909 1211 3968 dudecano
1225 3912 1300 3966 21901
1320 3925 1347 3977 p.
1363 3912 1429 3974 867
1447 3909 1550 3965 ccntm

244 3991 360 4062 linguae
379 3983 524 4043 Thraciae
535 3989 636 4044 tribuit
655 3989 775 4044 Foucart
790 3989 932 4059 Me'lonpee
946 3990 1043 4046 Perrot
1060 4005 1087 4058 p
1103 3993 1137 4041 97
1156 3990 1242 4058 atque
1260 4003 1361 4047 nomen
1375 3949 1550 4060 Apttnztgcv

246 4086 301 4139 quc
320 4071 376 4124 duc
390 4069 521 4139 Byzantii
540 4071 658 4124 utuntur
674 4069 761 4137 (016
779 4073 874 4139 a1ceg
892 4069 921 4122 et
936 4069 984 4122 IG
998 4068 1049 4122 Vll
1060 4071 1143 4136 8418)
1163 4085 1181 4122 a
1198 4068 1311 4122 nomine
1330 4067 1424 4122 divino
1443 4067 1549 4121 deriua-

246 4155 305 4205 tum
324 4167 393 4205 esse
404 4149 435 4204 id
453 4149 552 4219 utique
571 4152 646 4204 recte
664 4150 779 4210 monuit.

319 4233 362 4299 12)
386 4230 421 4283 de
440 4247 497 4300 rep
513 4229 525 4283 I
544 4248 570 4299 p
587 4230 669 4283 327A
692 4227 813 4301 κατέβην
836 4229 905 4301 χθὲς
928 4229 968 4292 εἰς
986 4207 1109 4298 Πειραιᾶ
1128 4259 1159 4268 -
1182 4261 1214 4268 -
1234 4261 1267 4268 -
1286 4176 1506 4298 προσευξόμενός
1523 4204 1550 4280 rs

245 4319 279 4382 τῇ
303 4313 363 4384 θεῷ
382 4308 473 4364 καὶ
454 4331 512 4379 αμα
535 4309 586 4378 τὴν
605 4309 704 4380 ἑορτὴν
723 4308 891 4381 βουλόμενος
908 4307 1081 4375 θεάσασθαι,
1104 4305 1168 4364 τίνα
1191 4306 1297 4376 τρόπον
1319 4306 1523 4375 cosdroem*
1504 4326 1551 4361 ατε

247 4399 299 4446 νῦν
317 4399 428 4460 πρῶτον
447 4389 572 4460 ἄγοντες·
592 4389 661 4460 καλὴ
680 4385 781 4460 μὲν
749 4409 801 4444 ουν
820 4409 867 4458 μοι
886 4388 966 4444 acl
952 4409 969 4458 η
988 4398 1043 4444 τῶν
1063 4386 1219 4460 ἐπιχωρίων
1238 4387 1334 4458 πομπὴ
1354 4388 1450 4454 ἔδοξεν
1469 4383 1552 4454 εἶναι,

247 4473 281 4528 οὐ
299 4470 393 4541 μέντοι
411 4465 495 4537 ἦττον
515 4467 646 4540 ἐφαίνετο
664 4468 810 4538 asenam
795 4490 831 4539 ην
845 4469 873 4524 cl
889 4472 998 4545 Θρᾷκες
1017 4469 1148 4539 ἔπεμπον.
1176 4467 1323 4524 Bendidea
1342 4468 1399 4522 diei
1417 4468 1473 4522 fine
1486 4467 1552 4523 libri

247 4551 332 4624 primi
351 4570 377 4621 p.
394 4551 477 4606 85111
495 4554 619 4621 apparet.

320 4635 363 4701 18)
387 4631 422 4686 cl.
442 4631 536 4702 Bergk
555 4633 626 4687 Com.
643 4634 700 4688 All.
720 4633 767 4687 rel.
785 4651 812 4702 p.
828 4637 875 4700 90,
898 4631 931 4685 K.
946 4630 976 4684 F.
991 4631 1134 4685 Hermann
1157 4630 1192 4686 de
1217 4631 1257 4685 rei
1277 4629 1354 4700 publ.
1374 4628 1447 4684 Plat.
1467 4631 1551 4699 temp.

247 4733 274 4784 p.
292 4719 333 4780 18,
352 4711 482 4768 Mainake
501 4713 610 4782 Pragm.
626 4711 655 4765 P.
672 4711 745 4766 Com.
760 4710 787 4764 11
805 4716 847 4766 61.

321 4797 364 4864 14)
383 4793 438 4848 vid.
454 4795 475 4849 I
477 4793 503 4848 G
520 4793 533 4846 1
552 4799 604 4847 alo
623 4793 656 4846 fr.
671 4793 691 4845 k
708 4793 893 4847 traditionum
913 4791 980 4845 anni
998 4793 1085 4863 rasse.

322 4878 365 4946 15)
385 4874 418 4930 cf.
434 4874 581 4945 Dragatsis
597 4871 660 4944 Ἑφ.
677 4871 747 4944 'App
769 4878 837 4926 1884
855 4891 882 4942 p.
898 4878 950 4926 aad
969 4874 998 4928 et
1016 4871 1151 4927 Wilhelm
1169 4871 1339 4938 sacreum
1356 4869 1382 4926 V
1400 4877 1504 4940 plac.
