3426 5462
226 232 269 297 54
746 231 860 286 LEGES
879 229 1021 286 SACRAE

315 422 343 464 v.
370 404 408 462 17
433 403 533 462 nescio
562 421 599 460 an
627 419 723 460 sermo
751 402 844 461 fuerit
870 400 906 460 de
933 401 998 461 loco
1026 403 1197 462 certaminis
1225 403 1471 480 scribendumque
1499 401 1546 465 sit

226 499 259 561 ἐν
282 506 327 560 τόι
350 502 443 580 ίιιερόι
464 505 510 559 τόι
531 505 564 558 ad
584 499 737 576 Ηεφαίστο
756 497 806 559 καί
824 503 869 571 τές
889 491 1054 576 Ἀθεναίας,
1073 499 1109 559 de
1128 519 1188 576 quo
1206 502 1277 561 fano
1297 503 1334 561 ad
1354 500 1545 562 Ceramicum

228 602 286 660 sito
311 600 348 658 cf.
367 598 453 659 Paua.
473 599 489 657 I
510 601 560 674 14,
572 600 599 657 6.
633 598 734 658 Scbdll
753 598 879 658 lectione
899 617 970 657 sane
992 599 1100 657 mutila
1123 601 1207 660 nisus
1230 600 1370 660 hocloco
1390 601 1426 659 de
1449 601 1546 661 boum

228 700 378 774 emptione
406 701 437 757 et
464 697 500 756 de
529 699 664 756 carnium
691 698 771 756 inter
798 697 995 756 Athenienses
1025 695 1235 758 distributione
1264 701 1447 759 mentionem
1476 699 1547 760 fieri

228 795 355 856 coniecit
379 795 481 856 dativo
501 789 677 872 Ἀθηναίοις
695 815 722 852 v.
741 795 780 854 18
801 813 866 854 eam
885 813 985 855 vocem
1007 799 1159 855 servatam
1178 813 1240 856 essa
1259 800 1353 872 ratus,
1372 816 1431 874 quo
1451 797 1547 858 verba

228 915 256 954 v.
275 895 316 954 25
341 893 447 954 δοῦναι
471 889 502 953 δὲ
526 891 682 964 καὶτοῖς
704 892 882 971 μετοίκοις
905 897 981 973 τρεῖς
1003 894 1078 972 βοῦς
1100 895 1289 954 referrentur.

318 992 392 1052 Indo
416 1012 434 1052 a
456 1012 483 1051 v.
506 993 545 1051 19
566 995 721 1052 universus
744 991 960 1051 sententiarum
978 1011 1104 1053 conexus
1128 995 1240 1071 optime
1262 1013 1280 1052 a
1299 993 1432 1054 Sabdllio
1455 997 1547 1054 resti-

229 1095 315 1151 tutus
343 1093 401 1166 est,
434 1091 560 1169 singula,
589 1090 625 1148 de
654 1089 761 1166 quibus
784 1092 848 1165 ipse
878 1093 1020 1149 nimirum
1053 1091 1196 1167 spondere
1219 1093 1330 1166 noluit,
1357 1112 1418 1152 non
1445 1112 1547 1169 pauca

231 1189 322 1250 dubia
345 1192 423 1264 sunt,
447 1208 575 1264 quorum
598 1187 775 1268 gramssima
797 1187 929 1248 breviter
951 1207 1104 1266 exponam.
1151 1209 1178 1249 v.
1199 1191 1241 1250 20
1265 1193 1297 1250 et
1321 1191 1548 1252 substantivum

231 1287 310 1364 qnod
333 1289 402 1364 post
424 1285 489 1348 ἔκτο
514 1289 658 1364 seriptum
687 1289 752 1346 erat
779 1290 810 1347 et
836 1307 943 1346 nomen
971 1288 1200 1374 magistratuum
1229 1291 1260 1347 in
1288 1281 1434 1371 αρ]χοι”)
1464 1290 1547 1350 desi-

230 1406 304 1447 nens
327 1386 454 1448 dubium
476 1389 528 1446 est.
574 1385 639 1445 Hoc
662 1384 769 1461 utique
791 1405 850 1444 non
881 1386 1104 1445 demarcborum
1132 1404 1238 1446 nomen
1267 1388 1339 1463 fuit,
1366 1387 1392 1448 si
1421 1389 1547 1464 quidem

231 1485 271 1546 ad
298 1484 398 1545 decem
430 1484 510 1545 viros
543 1484 685 1544 creandos
713 1488 832 1543 centum
859 1486 1079 1563 quinquaginta
1111 1485 1245 1545 homines
1276 1487 1309 1544 in
1340 1486 1445 1546 urbem
1473 1506 1547 1546 rure

232 1584 390 1645 convocari
412 1583 586 1642 incredibile
611 1601 664 1642 suo
687 1586 751 1642 iure
774 1583 890 1643 iudicat
907 1583 1118 1658 Wilamowitz,
1146 1585 1200 1660 qui
1226 1586 1300 1659 ipse,
1328 1603 1395 1644 eum
1421 1585 1547 1663 phylar-

232 1683 302 1744 chos
325 1684 482 1742 restituere
506 1699 565 1741 non
589 1673 752 1762 audeat²⁹),
775 1684 854 1741 inter
876 1681 1026 1761 ληξίαρχοι
1048 1684 1080 1741 et
1101 1681 1283 1761 τριττύαρχοι
1305 1682 1413 1742 dubius
1431 1684 1547 1743 bearet.

234 1781 293 1841 Sed
315 1782 406 1841 etiam
425 1777 458 1840 ἐκ
476 1785 508 1840 τό
528 1774 676 1859 [πίνακος
696 1780 777 1855 quod
799 1779 887 1838 initio
905 1780 1031 1839 lacunae
1050 1779 1150 1839 Schdll
1168 1779 1329 1857 supplevit,
1352 1781 1462 1840 falsum
1481 1799 1548 1840 esse

234 1879 326 1957 spatii
352 1878 519 1938 rationibus
547 1879 776 1937 demonstratur.
822 1878 900 1937 Nam
929 1877 1008 1954 quod
1036 1879 1088 1936 ille
1116 1881 1151 1937 ut
1176 1879 1316 1938 lacunam
1346 1880 1478 1955 expleret
1501 1897 1548 1938 se-

234 1977 338 2055 quenti
361 1980 521 2054 praecepto
544 1994 707 2053 pronomen
730 1975 854 2047 τούτους
878 1975 994 2034 addidit
1017 1969 1155 2058 (τούτους
1178 1969 1206 2035 δ’
1228 1976 1259 2036 οί
1277 1977 1304 2038 δ.
1323 1977 1548 2059 διακληρωσύν-

233 2068 318 2157 των),
341 2075 373 2135 id
396 2093 456 2135 non
478 2075 566 2136 modo
591 2093 841 2152 supervacaneum
866 2079 919 2150 est,
943 2075 993 2134 sed
1018 2093 1053 2132 ne
1077 2075 1149 2134 ferri
1173 2075 1293 2151 quidem
1311 2093 1398 2153 posse
1417 2076 1494 2135 illud
1513 2073 1548 2136 δὲ

234 2177 340 2235 contra
358 2173 601 2234 consuetudinem
619 2175 753 2251 reliquae
771 2175 977 2249 inscriptionis
997 2165 1037 2254 (a.
1059 2174 1108 2232 19.
1130 2175 1179 2232 31.
1200 2165 1258 2255 33)
1280 2174 1386 2233 elisum
1405 2173 1547 2234 ostendit

234 2273 295 2334 Ubi
318 2292 388 2333 vero
411 2271 535 2344 τούτους
558 2275 733 2346 excutimus,
756 2271 818 2331 aive
835 2270 992 2351 ,ληξίαρχοι
1015 2272 1077 2330 sive
1100 2270 1281 2352 τριττύαρχοι
1307 2271 1446 2350 legimuS,
1469 2273 1547 2332 illud

235 2371 361 2444 πίνακος
383 2371 522 2431 lacunam
544 2389 604 2431 non
631 2373 692 2430 iam
716 2371 822 2447 explet.
869 2369 962 2427 Aliud
990 2388 1061 2429 saue
1088 2370 1327 2446 supplementum
1355 2370 1547 2447 aliquatenus

236 2470 349 2530 certum
377 2487 541 2546 proponere
569 2468 787 2528 difficillimum.
825 2468 1035 2543 Wilamowitz,
1057 2470 1120 2545 ipse
1143 2471 1243 2528 tamen
1268 2468 1449 2543 dubitanter,
1476 2487 1547 2546 pro·

235 2569 338 2646 posuit
359 2565 392 2627 ἐκ
415 2561 483 2646 τό[ν
506 2567 677 2649 κροκρίτου·
704 2568 753 2626 boc
781 2561 812 2626 δὲ
841 2566 1003 2646 λεχσίαρχοι
1032 2567 1124 2626 διακλ,
1169 2567 1218 2626 Au
1247 2566 1414 2626 audendum
1441 2570 1488 2628 est
1514 2565 1548 2628 ἐκ

235 2660 303 2746 τό[ν
326 2662 527 2745 ἔτιίαχόντον·
552 2667 601 2724 toa
624 2661 656 2725 δὲ
676 2713 681 2726 .
698 2711 726 2724 ..
746 2657 854 2746 cipher
877 2663 924 2724 d?
971 2664 1056 2724 Certe
1079 2683 1128 2724 eos
1151 2665 1273 2738 iudices,
1299 2667 1352 2740 qui
1374 2665 1441 2742 ipsc
1468 2665 1548 2725 iudi·

237 2765 325 2824 candi
341 2783 464 2824 munere
484 2766 623 2840 occupari
640 2767 788 2842 poterant,
808 2765 903 2841 excipi
921 2753 1133 2840 exspectemus,
1157 2765 1298 2839 quoniam
1319 2764 1548 2842 hieropoeorum

237 2882 308 2923 cura
335 2882 389 2939 per
414 2863 534 2942 longius
561 2862 642 2922 baud
668 2861 758 2921 dubie
786 2863 900 2922 dierum
928 2863 1061 2938 spatium
1087 2862 1264 2938 pertinebat.
1290 2895 1331 2904 —
1354 2883 1382 2923 v.
1403 2866 1442 2923 21
1475 2859 1547 2942 μετὰ

237 2966 290 3022 cdv
314 2965 357 3033 τές
380 2961 477 3041 dolie:
501 2961 628 3021 editores
652 2961 825 3039 intellegere
848 2960 988 3020 videntur
1009 2960 1184 3036 hieropoeos
1208 2966 1341 3038 senatus,
1357 2962 1416 3022 sed
1440 2962 1476 3022 de
1498 2963 1546 3020 bis

238 3061 355 3120 demum
379 3080 407 3120 v.
428 3062 469 3120 23
494 3062 566 3118 extr.
586 3078 681 3119 sermo
697 3028 816 3136 incipit,
840 3061 874 3116 ut
895 3057 951 3116 boc
974 3059 1038 3118 loco
1058 3059 1203 3119 eiusmodi
1221 3060 1460 3137 breviloquentia
1479 3079 1545 3137 per·

238 3161 315 3240 mira
338 3161 386 3219 sit.
432 3159 512 3217 Num
534 3157 753 3235 substantivum
778 3178 844 3218 cum
868 3157 994 3217 articulo
1017 3165 1076 3216 τῶν
1099 3159 1336 3236 coniungendam
1360 3157 1488 3217 excidit?

327 3277 354 3317 v.
371 3259 411 3317 25
436 3256 543 3316 δοῦναι
566 3251 597 3315 δὲ
621 3253 670 3315 καί
693 3261 754 3329 τοῖς
772 3256 916 3334 μετοίκοις
938 3259 1014 3335 τρεῖς
1032 3255 1118 3334 βοῦςε
1142 3276 1215 3334 quos
1238 3256 1328 3316 boves
1347 3257 1378 3314 in
1397 3275 1543 3333 pompae

238 3358 379 3418 metoecis
392 3423 394 3430 Α
407 3357 481 3432 ipsis
511 3353 698 3414 deducendos
726 3356 816 3414 fuisse
844 3356 1075 3415 consentaneum
1102 3358 1159 3430 est,
1192 3375 1262 3413 num
1293 3359 1447 3431 praeterea
1473 3355 1548 3414 talia

238 3474 365 3515 munera
385 3455 537 3530 praestare
560 3453 717 3512 debuerint
741 3453 842 3528 qualia
865 3452 1001 3512 solebant
1023 3445 1294 3534 Panathenaeisffl),
1316 3454 1470 3512 incertum.
1503 3453 1547 3512 De

241 3552 378 3614 carnibus
410 3552 447 3610 iis
480 3551 648 3611 distributis
680 3553 717 3612 cf.
742 3550 1007 3610 Soambonidarum
1033 3551 1090 3628 leg.
1109 3571 1137 3610 n.
1159 3555 1185 3612 9.
1210 3571 1237 3609 v.
1259 3554 1276 3609 7
1302 3571 1343 3627 sq.
1352 3543 1408 3632 81);
1437 3549 1547 3609 ibidem

240 3673 267 3712 v.
285 3653 375 3726 22sq.
395 3649 492 3710 carnis
510 3649 618 3710 crudae
637 3651 884 3709 commemoratur
902 3649 1044 3708 venditio.
1061 3681 1103 3688 —
1123 3668 1150 3709 v.
1167 3652 1207 3709 27
1233 3649 1269 3708 de
1292 3651 1440 3727 potestate
1458 3645 1546 3709 ἄκοσ-

241 3756 370 3827 μοῦυτας
393 3747 541 3807 multandi
565 3749 600 3807 cf.
625 3767 691 3807 cum
714 3767 742 3805 n.
764 3748 804 3806 29
829 3766 855 3806 r.
877 3748 918 3806 34
942 3749 1007 3806 tum
1030 3768 1058 3807 n.
1079 3749 1120 3808 80
1144 3768 1171 3806 v.
1193 3751 1233 3808 24
1247 3767 1289 3825 sq.

330 3865 357 3906 v.
383 3848 425 3906 30
454 3846 544 3906 lectio
572 3839 760 3925 σφ]ίνγοο[ιν
788 3847 861 3906 satis
892 3849 976 3905 certa
1000 3845 1130 3920 videtur,
1163 3849 1253 3922 atque
1280 3845 1393 3906 hostias
1419 3846 1546 3906 maiores

240 3945 326 4004 velut
348 3944 438 4004 boves
460 3963 520 4003 non
544 3944 639 4003 solum
661 3945 735 4021 ipsis
758 3944 895 4006 comibus
920 3935 1020 4025 (Hom.
1039 3966 1058 4023 y
1077 3935 1170 4024 439),
1193 3944 1242 4004 sed
1267 3946 1358 4003 etiam
1381 3935 1546 4025 funibus⁸')

314 4117 358 4184 28)
377 4131 451 4168 nuno
470 4113 562 4170 facere
580 4131 636 4167 non
649 4131 771 4184 possum,
790 4115 858 4184 quin
873 4130 1005 4184 quaeram
1020 4130 1111 4169 nonne
1126 4131 1313 4188 praepropere
1327 4131 1421 4170 omnes
1436 4113 1546 4185 supple-

242 4197 369 4250 mentum
388 4195 494 4267 [αρ]χοι
512 4195 706 4264 receperimus.
1149 4211 1158 4230 ·

315 4277 361 4344 29)
379 4274 460 4328 nobie
480 4291 547 4328 sane
566 4273 659 4328 adhue
677 4275 732 4329 nisi
751 4275 868 4346 imperio
888 4277 1011 4345 equestri
1028 4293 1085 4331 nou
1105 4275 1211 4346 cogniti
1232 4279 1298 4331 aunt
1316 4275 1425 4346 (Bucolt
1442 4277 1545 4333 sacae-

244 4354 346 4410 azan!
366 4373 393 4424 p.
414 4357 490 4424 222),
513 4354 561 4408 sed
585 4370 634 4408 cur
657 4371 713 4410 non
736 4355 802 4410 ficri
817 4356 953 4425 potuerit,
980 4358 1012 4410 ut
1034 4359 1181 4426 praeterea
1202 4355 1356 4410 minoribus
1379 4355 1545 4423 quibusdam

244 4435 345 4490 officiis
364 4433 576 4502 adhiberentur,
594 4451 649 4489 non
668 4435 812 4506 intellego.

317 4517 361 4582 30)
380 4513 535 4569 Mommsen
554 4515 635 4570 Ferte
653 4535 680 4586 p.
697 4523 781 4583 139,1
802 4519 831 4572 et
849 4535 875 4586 p.
893 4522 952 4584 142,
970 4516 1056 4570 Pfuhl
1074 4517 1108 4571 dc
1121 4519 1231 4587 pompis
1248 4535 1275 4587 p.
1292 4523 1325 4570 22
1335 4533 1375 4586 sq.
1396 4520 1425 4572 et
1444 4523 1484 4571 31.

317 4596 361 4662 31)
380 4593 415 4648 cf.
434 4594 520 4649 etiam
540 4613 611 4664 quac
626 4595 662 4651 de
679 4600 865 4654 matoeeorum
886 4597 1050 4653 condicione
1065 4597 1220 4668 disputavit
1234 4595 1422 4651 Wilamowita
1438 4597 1548 4654 Heroas

245 4673 322 4728 XXII
338 4692 366 4744 p.
381 4679 434 4728 220
444 4693 483 4742 sq.

247 4833 265 4888 d
317 4757 362 4824 32)
381 4754 455 4890 otte
466 4775 492 4826 g.
512 4757 642 4812 sacrificii
660 4761 954 4828 repraesentationem,
969 4777 1054 4827 quam
1070 4759 1184 4830 Stcngel
1199 4759 1274 4814 KA’
1287 4759 1345 4814 tab.
1360 4759 1404 4813 Il
1422 4761 1548 4828 repeten-

266 4851 312 4888 am
331 4851 445 4890 curavi.
