3426 5462
276 320 321 384 26
795 320 910 376 Lacus
930 319 1069 377 SACRAE

276 487 320 561 εἰς
342 488 393 550 τὸν
413 489 541 550 πελανδν
564 523 600 530 -
624 522 666 530 -
685 488 839 557 ἑκκαίδεκα
862 488 996 570 μέδιμνοι
1020 493 1096 552 etv.
1118 493 1180 552 283
1202 500 1307 570 πυρῶν
1326 492 1488 570 κεφάλαιον
1507 491 1588 572 με’δι-

277 609 346 666 μνοι
370 619 412 630 -
431 619 474 630 -
496 621 535 630 —
556 585 615 648 ἀπὸ
635 588 748 656 τούτων
766 587 808 661 εἰς
826 587 954 650 πελανδν
973 621 1016 631 -
1038 622 1076 632 —
1098 622 1138 632 —
1160 593 1187 649 A
1205 587 1352 669 μέδιμνοι,
1375 612 1467 650 unum
1486 595 1586 652 autem

275 683 404 746 πελανδν
423 686 622 747 sacrificatum
640 707 703 747 esse
723 688 834 747 decreti
852 689 950 748 verbis
969 684 1028 748 διπὸ
1047 685 1101 766 μὲν
1119 696 1171 749 τοῦ
1190 691 1319 749 πελανοῦ
1336 693 1490 765 appareat,
1508 691 1587 748 huno

276 788 355 844 certe
384 785 494 845 hordeo
526 788 556 845 et
587 787 627 844 tri
642 787 687 844 ico
716 787 906 846 commixtum
930 806 1000 847 -esse
1032 789 1125 862 patet.
1171 785 1254 846 idem
1281 789 1383 846 autem
1412 787 1481 846 aliis
1504 788 1587 846 testi·

275 884 385 943 moniis
404 883 564 962 colligitur.
600 882 786 961 Porphyrius
804 885 883 944 enim
903 902 970 943 cum
989 885 1063 943 dicit
1081 884 1117 942 de
1141 885 1215 944 abst.
1229 883 1305 943 116:
1328 875 1383 961 ἀφ’
1399 874 1443 944 ὧν
1457 882 1587 965 (κριθῶν

277 974 427 1064 ψαιστῶν)
450 978 632 1062 ὁρμωμένοις
654 977 727 1061 ἡμῖν
749 980 799 1041 καὶ
822 991 881 1042 τῶν
903 990 1026 1061 καρπῶν
1052 979 1125 1042 ἀλλὰ
1147 979 1197 1042 καλ
1225 989 1283 1042 τῶν
1310 991 1415 1063 πυρῶν
1441 979 1587 1060 ἄφθονοι-

276 1077 368 1160 τέρτον
400 1077 596 1160 γιγνομένων,
632 1080 840 1159 προσετίθεντο
872 1083 1006 1140 πελανῶν
1037 1076 1098 1158 ἤδη
1130 1077 1180 1140 καλ
1211 1089 1271 1140 τῶν
1304 1084 1415 1140 λοιπῶν
1446 1077 1588 1140 ἁπάντων

275 1175 403 1258 ἀπαρχαὶ
430 1183 492 1248 τοῖς
519 1181 603 1250 θεοῖς
629 1177 672 1250 εἰς
700 1174 751 1249 τὰς
778 1178 903 1256 θυσίας,
933 1179 989 1238 hoc
1012 1179 1108 1238 dicere
1131 1178 1249 1238 ridetur
1271 1176 1418 1250 πελανούς
1447 1182 1513 1238 tum
1538 1179 1587 1238 dc-

273 1297 355 1338 mum
377 1275 561 1336 'sacrificatus
584 1295 660 1352 csse,
683 1280 843 1353 postquam
866 1279 985 1353 praeter
1011 1276 1155 1336 hordeum
1183 1296 1249 1336 cum
1277 1276 1405 1337 aliorum
1434 1279 1588 1338 inrotuum

275 1379 340 1434 tum
359 1374 453 1434 tritici
472 1393 542 1434 usus
561 1375 731 1435 increbruit,
774 1374 818 1432 De
837 1374 984 1451 Dipolieis
1008 1394 1096 1451 porro
1119 1374 1191 1434 hacc
1210 1379 1313 1434 narrat
1335 1375 1372 1434 de
1391 1375 1585 1436 ebst1130:

277 1467 380 1544 θέντες
403 1471 459 1553 γὰρ
482 1470 529 1532 inl
553 1481 605 1551 τῆς
628 1476 736 1552 χαλκῆς
759 1469 901 1551 τραπέζης
923 1473 1051 1535 πελανδν
1074 1471 1124 1532 καὶ
1144 1471 1256 1547 ψαιστὰ
1273 1473 1498 1555 περιελαύνουσι
1516 1471 1587 1546 τοὺς

274 1569 532 1649 κατανεμηθέντας
561 1571 634 1649 βοῦς
663 1561 705 1630 ὧν
734 1567 750 1630 δ
777 1571 957 1650 γευσάμενος
985 1569 1119 1631 κόπτεται
1151 1565 1203 1653 (cf.
1226 1571 1297 1630 ibid.
1319 1573 1373 1630 10:
1402 1579 1462 1631 τῶν
1490 1575 1586 1632 Διπο-

274 1669 371 1729 λιείων
396 1665 549 1749 ἀγομένων
573 1666 622 1728 καὶ
645 1667 928 1747 παρεσκευασμένων
950 1667 1023 1729 κατὰ
1046 1668 1078 1730 τὸ
1102 1667 1228 1729 παλαιὸν
1251 1667 1322 1741 ἔθος
1345 1677 1404 1729 τῶν
1427 1677 1550 1748 καρπῶν
1569 1667 1586 1730 δ

273 1768 347 1846 βοῦς
370 1764 546 1848 προσελθὼν
569 1764 748 1847 ἀπεγεύσατο
771 1775 824 1828 τοῦ
847 1767 927 1846 ἱεροῦ
950 1759 1103 1850 creincort).
1145 1767 1278 1828 Eandem
1303 1771 1402 1827 autem
1425 1786 1489 1827 rem
1507 1768 1586 1827 Pan·

273 1867 372 1926 sanias
396 1865 537 1926 describit
558 1866 574 1925 I
595 1868 644 1939 24,
660 1867 693 1924 4:
717 1873 769 1926 τοῦ
793 1864 866 1938 Διὸς
888 1873 941 1925 τοῦ
966 1862 1096 1937 Πολιέως
1126 1865 1234 1945 κριθὰς
1261 1863 1439 1938 καταθέντες
1462 1863 1510 1926 tui
1532 1863 1585 1926 τδν

273 1961 375 2042 βωμὸν
409 1961 586 2044 μεμιγμένας
613 1968 720 2044 πυροῖς
753 1961 894 2042 οὐδεμίαν
922 1962 1039 2043 ε”χοοσιν
1066 1962 1212 2042 φυλακήν.
1260 1963 1403 2024 Sciebant
1428 1963 1524 2044 igitur
1550 1969 1586 2024 ut

272 2062 392 2122 videtur
418 2062 560 2122 hordeum
589 2066 620 2121 et
646 2063 794 2136 triticum,
822 2081 887 2120 curn
911 2059 1040 2123 πελανδν
1062 2061 1224 2139 parabant,
1251 2064 1449 2121 commiscere.
1496 2061 1585 2122 Eleu·

1690 518 1698 633 l

1694 662 1701 799 l

1696 810 1704 933 l

1701 974 1707 1159 ¹.

1705 1277 1708 1370 Ι

245 2233 249 2240 ³
273 2161 358 2220 siniis
382 2163 482 2220 autem
505 2179 583 2219 unus
606 2160 770 2236 parebatur
787 2157 913 2233 πελανὸς
931 2161 994 2220 sine
1008 2159 1099 2221 dubio
1117 2179 1307 2239 permagnus,
1330 2159 1414 2220 cuius
1438 2163 1584 2236 quantum
1706 2210 1707 2224 .

273 2260 379 2334 cuique
402 2258 525 2318 deorum
544 2257 763 2320 Eleusiniornm
787 2258 939 2333 libaretur,
963 2259 1159 2337 Eumolpidae
1182 2249 1383 2340 docebantw)
1407 2290 1452 2298 —

361 2377 388 2416 v.
414 2357 456 2417 38
480 2357 625 2436 τρλττοιαν
648 2353 680 2416 δὲ
703 2355 851 2437 βούαρχον
875 2349 926 2438 (de
948 2357 1004 2416 hoc
1029 2356 1166 2418 sacrificii
1186 2375 1292 2435 genere
1310 2376 1337 2416 v.
1356 2376 1385 2433 p.
1408 2348 1519 2438 10sq.)
1539 2390 1582 2398 -

273 2488 316 2496 -
336 2488 378 2496 —-
402 2451 461 2514 τἰπδ
483 2464 543 2514 τῶν
565 2459 681 2535 κριθῶν
704 2452 753 2515 καλ
776 2463 835 2515 τῶν
858 2463 962 2536 πυρῶν
985 2455 1047 2515 scil.
1066 2453 1124 2517 ἀπὸ
1148 2463 1200 2533 τῆς
1223 2462 1310 2533 τιμῆς
1331 2475 1355 2515 τ.
1374 2477 1419 2534 κρ.
1442 2452 1493 2514 καλ
1510 2475 1533 2514 τ.
1552 2475 1582 2514 π.

272 2553 376 2630 Neque
402 2556 481 2613 enim
505 2556 585 2614 recte
608 2553 643 2612 A.
667 2544 877 2635 Mommsen⁸¹)
900 2553 991 2614 verbe
1013 2555 1058 2612 ita
1081 2554 1175 2630 accipi
1203 2571 1289 2629 posse
1319 2554 1443 2631 negavit
1464 2553 1583 2629 placen·

272 2657 378 2728 tueque
397 2655 428 2712 iu
449 2655 560 2712 formes
579 2653 753 2711 animalium
773 2652 908 2711 redactas
926 2651 1141 2728 intellegendas
1161 2671 1223 2711 esse
1243 2651 1378 2724 coniecit,
1397 2651 1499 2727 quiae
1518 2670 1582 2711 ver·

273 2750 318 2810 bis
343 2749 430 2809 θύειν
454 2747 511 2809 ἀπὸ
531 2747 584 2829 μὲν
604 2758 656 2810 τοῦ
674 2753 803 2810 πελανοῦ
822 2749 1053 2809 concludendum
1074 2753 1151 2810 esset
1168 2750 1390 2825 praepositione
1409 2745 1469 2810 ἀπό
1487 2750 1583 2826 ipsius

272 2848 415 2908 frumenti
450 2867 536 2908 usum
563 2848 725 2926 significari
752 2851 782 2907 et
809 2849 882 2925 quia
905 2868 931 2906 v.
951 2849 994 2907 40
1025 2847 1115 2907 verba
1142 2845 1192 2919 τὰς
1221 2843 1253 2907 δὲ
1280 2844 1369 2919 ἄλλος
1397 2844 1506 2927 κριθὰς
1533 2845 1583 2906 καλ

272 2943 387 3027 πυροὺς
415 2943 620 3024 δποδομένους
647 2947 829 3006 frumentum
857 2949 946 3005 antea
973 2947 1237 3006 commemoratum
1267 2964 1326 3004 non
1350 2945 1477 3004 veniisse
1506 2945 1583 3003 indi·

272 3045 382 3104 carent
429 3043 561 3113 Quarum
583 3047 666 3120 prior
689 3063 778 3104 cause
801 3044 886 3104 nulle
913 3049 971 3118 est,
999 3045 1031 3103 in
1058 3044 1136 3103 falsa
1163 3034 1457 3124 interpretatiou03')
1482 3045 1582 3120 posita

271 3142 428 3202 verborum
452 3141 540 3202 θύειν
564 3139 596 3203 δὲ
619 3137 678 3204 ἀπὸ
701 3139 755 3221 μὲν
778 3150 831 3201 τοῦ
853 3145 991 3202 πελανοῦ.
1038 3141 1150 3211 Quibus
1173 3143 1295 3200 minime
1319 3141 1498 3201 sucnficium
1527 3142 1582 3201 ali·

273 3241 351 3317 quod
375 3241 458 3300 velut
480 3241 619 3317 placente
643 3260 658 3298 e
681 3240 788 3316 pelauo
816 3241 897 3300 facta
925 3240 1048 3314 dicitur,
1078 3239 1128 3299 sed
1156 3238 1282 3310 πελανὸς
1310 3239 1373 3315 ipse
1404 3239 1582 3299 sacrificium

272 3343 325 3416 est,
349 3339 384 3398 de
408 3341 493 3399 cuius
516 3341 624 3398 natura
648 3357 738 3415 supra
761 3339 831 3414 dixi,
854 3337 1096 3415 praepositioque
1119 3333 1177 3397 ἀπό
1201 3337 1231 3397 vi
1255 3336 1335 3397 dicta
1352 3342 1404 3416 est
1426 3337 1583 3416 partitiva,

271 3457 331 3497 non
353 3456 397 3513 ea,
421 3457 482 3513 qua
499 3439 682 3498 Mommseno
707 3439 740 3496 in
758 3437 855 3496 verbis
873 3432 932 3496 ἀπὸ
951 3444 1010 3496 τῶν
1028 3439 1144 3516 κριθῶν
1162 3433 1212 3495 καλ
1235 3443 1294 3495 τῶν
1313 3443 1417 3515 πυρῶν
1435 3439 1583 3514 usurpata

272 3535 398 3594 videtur.
444 3535 488 3596 llo
521 3539 621 3596 autem
655 3555 743 3612 quem
772 3536 828 3595 hcc
855 3535 920 3595 loco
949 3533 1101 3611 improbat
1130 3551 1217 3594 sensu
1245 3534 1349 3594 statim
1381 3535 1451 3609 post
1478 3536 1582 3611 aperte

272 3637 433 3708 usurpatur
455 3654 482 3694 v.
502 3636 559 3694 43:
582 3631 641 3694 ἀπὸ
664 3641 716 3694 τοῦ
739 3641 855 3714 καρποῦ
873 3641 926 3711 τῆς
944 3629 1078 3711 ἀπαρχαῖς
1096 3627 1231 3709 ἀνεθέθη
1251 3624 1304 3714 (sc.
1324 3629 1358 3690 τδι
1376 3625 1581 3714 ἀναθήματα).
1704 3623 1705 3652 ³

272 3731 416 3790 Maiorem
439 3731 656 3792 dubitationem
679 3735 800 3792 movent
822 3731 913 3790 verba
935 3728 987 3803 τὰς
1009 3726 1041 3789 δὲ
1064 3725 1152 3802 dites
1175 3726 1284 3807 κριθὰς
1305 3727 1355 3788 καλ
1374 3726 1489 3808 πυροὺς
1507 3726 1582 3791 ἄπο·

273 3824 419 3906 δομένους
441 3832 514 3908 κτλ,
545 3849 621 3907 qnee
648 3829 824 3890 Mommseni
853 3827 1097 3906 interpretationi
1123 3827 1222 3888 favere
1246 3827 1392 3887 videntur.
1438 3826 1582 3888 Attamen

272 3925 420 3986 reicienda
439 3931 492 4000 est,
512 3930 621 4005 quippe
641 3929 689 3988 cui
706 3928 768 3987 alia
787 3929 887 3987 omnia
904 3929 1084 4008 repugnent:
1104 3946 1171 3986 curn
1185 3944 1272 3987 voces
1291 3925 1416 4006 τρέποια
1435 3924 1583 4006 βούαρχος

273 4030 303 4082 et
326 4020 434 4084 τέλειον
457 4027 578 4084 minime
601 4028 705 4103 utpote
729 4027 817 4102 aptae
840 4025 880 4085 ed
906 4026 1058 4102 placentas
1086 4024 1309 4104 significandas,
1337 4027 1402 4084 tum
1429 4025 1581 4084 rationum

272 4121 529 4181 Eleusiniecarum
553 4142 627 4199 quas
650 4142 742 4200 supra
765 4124 854 4183 attuli
877 4125 1075 4200 comparatio,
1102 4123 1155 4182 ubi
1184 4123 1219 4183 de
1246 4124 1352 4184 hostiis
1379 4124 1493 4202 agitur,
1521 4143 1582 4183 non

273 4218 309 4276 de
341 4219 495 4295 placentis.
547 4221 625 4280 Nam
656 4222 735 4298 quod
767 4221 932 4282 Mommsen
963 4222 1019 4280 hoc
1050 4221 1208 4281 discrimen
1240 4223 1348 4282 maiori
1379 4221 1582 4298 parsimoniae

273 4317 423 4377 Pericleae
442 4320 550 4378 aetatis
569 4320 684 4394 tribuit,
703 4320 770 4380 aliis
789 4319 972 4396 temporibus
991 4319 1136 4380 sacrificia
1154 4320 1214 4378 alio
1233 4322 1354 4396 sumptu
1372 4322 1582 4396 apparatuque
1702 4335 1703 4402 ζ

273 4415 422 4475 celebrata
445 4434 507 4476 esse
527 4417 662 4492 concedo,
685 4419 735 4478 sed
759 4419 833 4478 illud
853 4418 934 4494 quod
952 4419 992 4478 M.
1011 4419 1077 4478 vult
1095 4417 1252 4477 discrimen
1275 4435 1407 4493 unquam
1430 4417 1582 4478 exstitisse

345 4597 389 4663 30)
408 4611 480 4663 quse
499 4594 537 4649 ed
555 4595 662 4652 cultum
681 4597 854 4652 Eleusinium
875 4599 1063 4667 pertinebant,
1083 4612 1117 4652 ea
1135 4595 1203 4651 aclis
1222 4595 1399 4666 Eumolpidis
1417 4595 1580 4666 ἐξηγεῖσθαι

273 4672 378 4733 licebat
388 4675 502 4744 (Andoe.
513 4677 548 4730 de
562 4679 645 4746 myst.
656 4679 736 4746 116);
756 4677 790 4732 of.
806 4678 841 4731 de
855 4677 908 4732 hoc
927 4677 988 4733 inre
1002 4677 1088 4732 etiam
1100 4675 1230 4745 Toepffcr
1244 4679 1301 4730 Aci.
1314 4677 1425 4732 Geneul.
1440 4694 1468 4746 p.
1478 4682 1513 4732 68
1519 4694 1579 4746 sqq.
1701 4679 1702 4710 ³

345 4757 389 4822 31)
408 4756 492 4812 Bure.
512 4758 664 4812 Jcbreebcr.
685 4763 763 4824 1889,
784 4764 799 4812 3
818 4776 844 4828 p.
860 4763 910 4812 251
923 4775 963 4826 sq.
984 4757 1018 4812 ei.
1036 4763 1097 4812 att.

344 4837 389 4904 θλ)
408 4837 491 4902 „Lice
512 4841 547 4892 36
571 4839 656 4892 θύειν
682 4839 713 4892 δέ
740 4837 797 4893 ἀπὸ
823 4839 873 4908 μέν
899 4846 949 4892 τοῦ
975 4835 1096 4892 πελάνου
1117 4868 1149 4878 --
1169 4867 1202 4877 -
1222 4837 1259 4890 ist
1276 4853 1336 4891 οοιιι
1360 4838 1515 4892 Verberet-er
1533 4839 1580 4894 dee

272 4916 388 4981 [eisteten
409 4919 511 4972 Melies
530 4919 574 4972 die
592 4919 693 4974 Rede“.
