3424 5462
247 271 312 336 248
766 270 880 327 Lacus
900 272 1038 328 SAORAE

247 443 275 501 ei
298 444 412 516 autem,
444 443 498 517 qui
526 443 615 500 antea
638 441 740 518 aliquo
762 444 827 501 iure
851 442 1050 501 sacerdotium
1073 447 1224 517 tenuerat,
1256 445 1348 503 ctiam
1375 449 1572 508 commutato

247 539 360 614 ordine,
383 543 418 598 ut
440 539 532 599 sacris
557 539 734 615 quibusdam
757 541 927 614 interesset,
956 541 1059 600 datum
1082 559 1145 601 esse
1169 544 1344 602 statuamus.
1390 541 1487 613 Quem
1509 546 1569 604 ho-

246 640 372 712 minem,
399 657 437 697 ne
465 638 573 715 longus
601 639 671 711 sim,
698 639 799 715 ipsum
822 639 986 716 Diagoram
1013 639 1105 700 fuisse
1133 658 1236 700 censeo
1259 641 1397 717 idemque
1428 643 1491 702 lere
1512 643 1571 702 hic

247 737 360 796 factum
379 753 443 796 esse
462 739 553 812 atque
567 735 734 809 Andauiae,
756 735 808 794 ubi
827 736 1038 796 Mnasistratue
1057 737 1222 798 sacerdotio
1241 742 1462 815 mysteriorum,
1482 741 1570 817 quud

247 834 461 894 hereditarium
485 836 653 910 acceperat,
684 853 738 894 sua
766 836 872 910 sponte
895 837 984 895 cessit
1006 835 1128 912 eiusque
1151 839 1332 912 potestatem
1355 839 1472 898 ciuibus
1495 859 1568 916 per·

247 934 340 1008 misit,
362 933 407 991 ita
429 936 539 1008 tamem
562 935 598 991 ut
619 933 688 1009 ipsi,
712 933 783 992 dum
805 935 929 1008 viveret,
952 935 1077 993 honores
1101 937 1132 994 et
1154 935 1309 995 commoda
1333 936 1482 1012 quaedam
1502 957 1568 998 ser-

247 1035 390 1092 varentur
419 1023 460 1112 (v.
483 1051 512 1106 p.
534 1022 621 1112 176).
667 1029 752 1100 Quod
781 1033 806 1090 si
833 1033 913 1090 recte
941 1033 1066 1106 conieci,
1093 1032 1231 1091 columna
1258 1034 1381 1094 smistra
1407 1034 1570 1094 decretum

248 1130 455 1204 honorarium,
483 1129 563 1205 quud
591 1129 707 1189 sodales
736 1131 817 1206 grati
840 1129 990 1206 Diagorae
1019 1148 1122 1204 causa,
1151 1149 1218 1189 cum
1243 1131 1391 1209 dignitate
1414 1133 1571 1208 οεετίεεεί,

248 1228 394 1301 fecerunt,
417 1227 521 1286 dextra
543 1229 616 1286 novi
639 1226 751 1287 ordinis
775 1228 961 1287 condiciones
985 1230 1127 1288 tenemus.
1165 1227 1269 1305 Neque
1291 1230 1465 1290 incredibile
1486 1235 1569 1307 puto

249 1324 413 1403 Diagoram
445 1327 544 1402 ipsum
572 1326 674 1385 Tomis
706 1327 849 1401 mysteria
878 1325 1085 1385 Samothracia
1116 1327 1289 1386 instituisse.
1336 1326 1417 1397 Quae
1445 1329 1515 1389 inde
1547 1348 1569 1387 a

250 1424 462 1484 diadochorum
484 1422 669 1499 temporibus
696 1443 749 1499 per
777 1424 915 1482 ciutates
938 1421 1066 1483 Graecas
1089 1427 1251 1503 propagari
1278 1429 1384 1501 coepta
1406 1445 1469 1486 esse
1494 1445 1568 1486 cou-

250 1513 355 1604 stat⁷),
378 1524 413 1580 ut
435 1542 471 1581 ne
491 1523 599 1581 Tomos
623 1520 744 1597 quidem
767 1540 803 1580 ea
825 1521 909 1598 prius
928 1523 1097 1598 pervenisse
1116 1523 1180 1581 ulla
1198 1523 1239 1582 sit
1256 1523 1462 1598 probabilitas.
1499 1525 1569 1583 Nee

249 1639 320 1680 vero
343 1621 439 1681 multo
462 1619 658 1679 recentiorem
680 1619 736 1677 hac
760 1621 859 1680 aetate
880 1621 1004 1678 titulum
1028 1639 1100 1694 esse,
1123 1623 1181 1680 etsi
1203 1619 1300 1681 editur
1320 1622 1356 1680 de
1376 1641 1411 1681 ea
1434 1642 1466 1682 re
1485 1624 1567 1682 nihil

250 1718 326 1778 dixit
347 1737 444 1794 neque
463 1718 625 1793 exemplari
645 1717 682 1776 ab
702 1736 736 1776 eo
756 1735 892 1794 expresso
911 1719 1040 1777 multum
1058 1719 1198 1798 colligere
1215 1720 1295 1794 licet,
1314 1723 1442 1800 vestigia
1460 1725 1569 1780 taumn

250 1817 372 1876 dialecti
393 1816 513 1876 Ionicae
536 1835 564 1874 v.
583 1817 601 1874 3
627 1820 657 1874 et
681 1817 721 1874 12
746 1807 914 1896 (ἱερήσεται,
938 1809 1034 1898 lipsa)
1058 1819 1177 1877 servata
1199 1817 1324 1894 prodere
1346 1818 1495 1878 videntur.

339 1915 478 1991 Ipsarum
501 1915 750 1974 caerimoniarum
772 1916 967 1991 mysticarum
989 1916 1170 1976 mentionem
1191 1915 1290 1975 verbis
1308 1919 1370 1976 ab
1391 1917 1491 1995 σχίξας
1513 1914 1568 1976 καί

250 2011 340 2094 ἐγχέει
363 2015 458 2072 latere
481 2013 598 2073 collatis
621 2013 669 2086 iis,
693 2030 769 2087 quae
792 2012 829 2071 de
853 2013 920 2072 eliis
944 2014 1096 2089 mysteriis
1114 2012 1282 2089 haduntur,
1303 2014 1388 2074 velut
1405 2015 1570 2075 notissimo

250 2113 304 2171 illo
328 2105 377 2172 ‘tu
400 2109 556 2190 τυμπάνου
579 2103 710 2189 έφαγον’
733 2114 764 2169 et
787 2105 835 2170 ‘iu
853 2110 1007 2190 κυμβάλου
1025 2107 1125 2171 ἔπτατ’
1150 2116 1238 2172 acute
1255 2109 1415 2189 Gompertz
1434 2113 1567 2172 coniecit

251 2214 282 2270 et
309 2209 466 2288 legendum
492 2209 650 2285 proposuit
676 2204 808 2288 ταρ[έξτι
828 2205 833 2290 ί
853 2207 885 2269 τὸ
917 2203 1032 2289 πέρμ]α
1064 2209 1163 2288 σχίξας
1193 2207 1244 2269 aul
1276 2207 1364 2290 ἐγχέει
1396 2204 1443 2289 [τὸ
1470 2209 1567 2270 ποτὸν

251 2303 328 2389 τοῐ]ς
351 2307 483 2386 μύσταις.
530 2307 588 2368 Sed
611 2307 675 2385 ipse
698 2310 760 2368 iam
782 2310 900 2367 monuit
922 2326 1008 2383 posse
1037 2307 1128 2367 etiam
1151 2307 1187 2366 de
1209 2309 1306 2386 liguo,
1334 2327 1392 2384 quo
1415 2307 1455 2366 ad
1477 2327 1570 2369 sacra

252 2426 326 2484 epus
359 2410 432 2480 erat,
465 2409 495 2466 et
524 2405 560 2466 de
587 2405 731 2466 libatione
760 2406 890 2483 quadam
918 2405 1045 2484 cogitari
1073 2405 1138 2465 coll.
1157 2410 1319 2482 praecepto
1340 2406 1455 2465 Xanthi
1477 2405 1568 2482 Lycii

252 2498 295 2586 (u.
316 2505 357 2564 49
381 2525 408 2563 v.
430 2496 518 2586 9sq.)
546 2501 681 2582 τταρέχειν
709 2500 741 2563 δέ
768 2501 817 2563 καὶ
845 2511 897 2563 τῶι
925 2507 999 2563 θεῶι
1023 2535 1063 2544 -
1090 2535 1130 2544 -
1160 2503 1257 2582 σχίζας
1280 2501 1330 2564 καί
1353 2503 1504 2582 σπονδήν,
1531 2509 1567 2563 et

252 2603 327 2662 mihi
350 2601 471 2680 quidem
494 2602 614 2662 omnino
638 2603 711 2662 satis
734 2601 930 2679 improbabile
953 2601 1074 2660 videtur
1095 2601 1132 2661 de
1154 2601 1216 2661 illis
1240 2603 1428 2662 memmoniis
1451 2604 1483 2661 iu
1506 2601 1567 2661 tali

252 2701 343 2761 titulo
366 2702 547 2760 mentionem
570 2699 647 2774 lieri,
671 2699 795 2775 accedit,
818 2693 897 2776 quo'd
920 2698 956 2757 de
979 2719 1057 2775 pane
1079 2720 1139 2761 non
1162 2699 1275 2779 σχίξας,
1298 2699 1351 2760 sed
1372 2698 1482 2772 κλάσας
1505 2700 1569 2759 dici

254 2803 452 2876 expectamus,
474 2798 598 2858 verbum
621 2800 723 2857 autem
745 2794 881 2876 παρέχειν
904 2796 940 2855 de
962 2817 1082 2856 munere
1111 2797 1212 2874 aliquo
1234 2797 1416 2875 praebendo,
1443 2817 1504 2856 non
1527 2798 1567 2858 de

252 2899 315 2957 ritu
336 2896 514 2974 perficiendo
538 2897 676 2973 usurpari
700 2897 776 2955 solet
800 2887 850 2976 (cf.
874 2915 902 2972 p.
924 2887 1017 2976 224),
1041 2899 1071 2954 et
1093 2895 1216 2955 verbum
1238 2893 1342 2976 έγχέει,
1369 2896 1425 2956 etsi
1449 2896 1480 2955 id
1503 2915 1568 2956 nou

253 2996 332 3054 male
355 3015 422 3055 cum
445 2995 526 3054 illius
549 2993 698 3054 sententia
721 2993 878 3053 convenire
901 2993 1042 3068 concedo,
1068 2997 1168 3069 potest
1190 2999 1292 3053 tarum
1315 2993 1390 3054 satis
1412 2993 1570 3054 commode

254 3093 290 3153 de
312 3093 383 3153 vino
406 3095 513 3169 mystis
536 3093 575 3150 ad
598 3110 806 3168 quamcunque
829 3111 892 3150 rem
915 3090 1082 3168 praebendo
1107 3091 1250 3170 intellegi
1291 3091 1403 3167 Utique
1425 3092 1568 3151 lacunam

253 3194 399 3251 intactam
422 3191 588 3267 relinquere
612 3192 752 3266 praestat.

343 3290 388 3348 De
405 3290 480 3365 ipsis
498 3287 596 3348 verbis
616 3288 770 3348 columnae
784 3289 922 3347 sinistrae
937 3287 1154 3363 desperandum
1168 3305 1230 3347 esse
1245 3287 1372 3346 videtur.
1399 3285 1435 3345 V.
1452 3288 1569 3364 12sqq.

254 3388 434 3450 sententiam
457 3384 616 3463 Gompertz
638 3387 683 3445 ita
704 3385 861 3444 restituere
885 3388 1010 3445 conatus
1034 3389 1091 3444 est:
1115 3379 1260 3464 ἕπαι]νος,
1283 3377 1482 3463 brauclensis
1505 3393 1571 3444 τῶν

254 3495 393 3567 γραπτῶν
415 3481 556 3561 εἰκόν]ων
578 3475 650 3542 καθ’
672 3477 814 3561 §nidmu
836 3483 949 3543 θυσίαν
972 3479 991 3542 ά
1015 3481 1093 3566 αὐτῷ
1114 3477 1251 3563 ὑπάρξ]ει
1274 3480 1324 3542 καλ
1342 3475 1568 3562 μεταλ[λάξανττ

255 3583 306 3644 τὸυ
328 3584 405 3664 βίον,
428 3582 479 3644 sed
502 3601 598 3659 neque
622 3581 697 3641 illud
719 3575 856 3661 ἔπαι]υος
880 3581 1035 3658 probabile
1058 3585 1103 3640 est
1126 3585 1156 3640 et
1179 3581 1315 3641 coronari
1339 3583 1392 3640 aut
1413 3580 1568 3640 hominem

254 3683 356 3760 ipsum
383 3684 437 3741 aut
464 3683 595 3740 statuam
624 3683 687 3740 eius
715 3679 940 3756 supradictam
964 3683 1176 3756 exspectamus.
1221 3679 1373 3738 Fecilibus
1396 3677 1447 3738 sed
1469 3679 1570 3739 irritis

256 3781 434 3840 coniecturis
458 3779 601 3838 abstineo.

345 3949 393 4004 85.
424 3946 534 4003 Tabula
552 3945 698 4002 marmoris
713 3946 826 4002 candidi
845 3947 874 4000 in
890 3946 1011 4002 Olbiae
1029 3946 1177 4016 parietinis
1191 3946 1313 4014 inventa,
1332 3947 1416 4001 hodie
1431 3946 1569 4016 hioequae

256 4030 286 4084 iu
304 4046 400 4084 museo
418 4028 561 4083 historico.
594 4027 665 4083 Edd.
685 4027 736 4082 Th.
752 4027 851 4082 Struve
869 4031 930 4083 Act.
945 4045 997 4082 soc.
1015 4027 1104 4082 Odess.
1115 4026 1154 4080 VI
1168 4031 1259 4098 (1867)
1274 4045 1302 4097 p.
1318 4032 1334 4081 2
1355 4027 1432 4096 (iude
1446 4026 1566 4082 bitilleu·

256 4109 318 4165 hoff
333 4111 448 4164 Ηετνοιε
465 4107 504 4162 ΠΙ
522 4110 586 4178 442)
605 4111 634 4162 et
653 4109 752 4164 Βλεία.
763 4108 839 4162 Mus.
854 4106 981 4177 XXle.
992 4112 1053 4175 559,
1071 4107 1236 4176 hatyachew
1250 4108 1338 4163 Inscr.
1353 4123 1393 4162 cr.
1406 4114 1472 4176 sept.
1483 4108 1567 4162 Pont-

257 4192 332 4246 aa.
353 4189 410 4260 Ip.
427 4195 459 4243 'l'l
479 4207 506 4244 n.
521 4194 556 4244 46
575 4191 605 4244 et
623 4188 694 4243 Add.
714 4206 740 4258 p.
756 4194 821 4254 221,
843 4187 947 4242 Michel
966 4189 1079 4243 Ιλεουείλ
1098 4193 1163 4256 706,
1186 4187 1385 4258 Dittenberger
1403 4185 1486 4258 Syll!
1504 4192 1567 4242 629.

346 4301 612 4365 Ἑπταδεύεοντεε
633 4298 637 4386 Ι
659 4300 896 4379 ἐπεμελήθησαν
919 4303 978 4363 τοῦ
999 4299 1003 4382 Ι
1024 4302 1200 4380 θησαυροῦ·

222 4407 432 4487 οἩρόδοτοε
455 4407 685 4471 Παντακλέουε
701 4405 712 4489 ΙΙ
729 4399 898 4485 Ἔπιχάρηε
921 4406 1191 4484 Διονυσοφάνουε
1212 4407 1216 4490 ί
1236 4405 1454 4470 Ποσειδώνιοι

259 4515 437 4593 Εὐκράτουε
454 4513 458 4598 Ι
474 4493 677 4593 Ἀδείμαντος
696 4511 939 4598 Ἀπα[τ]ουρίου
956 4509 960 4596 Ι
976 4510 1141 4596 Ἱετικ[ῶ]ν
1160 4512 1384 4591 Μητροδώρου
1404 4511 1408 4594 ί
1428 4511 1566 4576 Λεοντο·

206 4638 239 4686 10
258 4619 384 4706 μ[έ]νηε
406 4615 607 4700 Ἡροεῶντοε
625 4619 635 4704 ΙΙ
652 4620 858 4699 Ἡρακλείδη(
882 4619 1009 4700 Εὐβίου·

349 4790 375 4857 7)
393 4787 448 4841 τίτί.
456 4785 682 4841 Preller·Rubert
694 4785 742 4841 Gr.
755 4786 846 4858 Myra.
855 4804 883 4855 p.
892 4789 955 4851 863;
968 4784 1131 4840 Cabirorum
1147 4784 1254 4838 cultum
1265 4782 1426 4837 Olbiensem
1439 4781 1565 4838 ssachr.

258 4885 285 4921 n.
300 4865 406 4922 saeculi
424 4866 525 4922 titulus
543 4867 665 4920 testatm
682 4867 782 4922 λουσιν.
797 4868 831 4933 of
845 4865 918 4920 Ηελλ.
934 4865 1011 4921 stud
1032 4870 1101 4921 1903
1120 4883 1146 4934 p.
1162 4871 1204 4918 44.
