3450 5458
685 307 841 363 ruricus
860 327 886 364 n.
902 315 945 362 eo.
965 314 999 362 so
1452 311 1495 376 95

274 478 310 535 V.
333 481 450 554 lsssqq.
474 477 510 538 de
533 497 642 556 magno
666 477 810 538 saorifioio
834 478 942 557 agitur,
966 478 1014 537 oui
1037 481 1111 538 oerti
1134 482 1230 538 terrae
1254 498 1356 540 seerae
1380 480 1496 541 locatae

182 569 344 657 reditus⁹¹)
373 577 575 656 designantur.
623 575 709 646 Quod
737 577 775 636 ad
802 575 1008 636 heoatombam
1037 580 1170 652 spectare
1194 577 1323 637 Koehler
1346 579 1495 654 ceterique

182 693 286 734 omnes
310 677 480 734 statuerint
504 693 539 734 ao
556 693 594 735 ne
613 693 668 752 ego
691 674 820 751 quidem,
843 676 901 734 etsi
918 677 1015 750 pretio
1035 678 1075 734 41
1097 675 1305 734 drachmarum
1324 677 1377 734 ills
1397 680 1495 736 estate

182 793 271 852 aegre
295 775 516 850 quinquaginta
538 773 628 833 boves
652 775 711 832 omi
734 765 932 854 poterentffl),
955 773 1070 832 diutius
1094 773 1247 850 obloquor.
1293 775 1349 834 Vel
1372 775 1404 833 id
1427 794 1494 835 oon-

182 873 296 948 oedam,
318 875 354 932 ut
376 872 402 931 si
421 871 504 930 lubet
522 875 711 948 comparetur
733 871 788 932 hoo
808 871 985 931 sacrificium
1009 891 1074 932 oum
1093 872 1276 948 heoetomba,
1297 885 1387 949 qnam
1406 894 1494 950 quae·

181 973 278 1031 stores
292 970 445 1030 Minervae
468 972 539 1029 anni
555 963 648 1049 410s9
669 970 835 1030 rationibus
855 970 997 1029 insortam
1016 962 1182 1052 habent²³),
1206 971 1275 1030 dum
1294 971 1382 1030 modo
1402 992 1494 1048 quan·

181 1071 248 1128 tum
272 1070 365 1128 luerit
388 1069 568 1130 discriminis
595 1071 741 1128 teneatur.
787 1068 850 1128 Neo
874 1070 951 1128 enim
975 1068 1072 1127 solum
1098 1068 1153 1127 illa
1179 1069 1355 1130 hecatombe
1378 1071 1495 1150 magnis

181 1167 402 1228 Panathenaeis
426 1168 463 1227 ab
485 1166 652 1244 hieropoeis
676 1169 782 1227 annuis
806 1165 908 1226 oblata
927 1169 980 1242 est,
1003 1167 1059 1226 hoo
1076 1168 1226 1227 minorum
1245 1169 1387 1228 feriarum
1405 1171 1494 1229 saeri-

180 1265 283 1325 fieium
306 1265 344 1325 ab
367 1267 533 1343 hieropoeis
552 1265 761 1343 peouliuribus,
783 1265 836 1324 sed
854 1267 946 1324 etiam
963 1265 1045 1324 illius
1064 1283 1208 1342 expensae
1226 1269 1368 1343 pensione
1387 1269 1495 1328 senarii

180 1363 335 1424 Minervae
357 1364 533 1439 tolerantur,
555 1365 611 1425 hoo
633 1363 810 1424 saorifioium
834 1367 914 1422 oerto
937 1362 1090 1423 cuiusdam
1114 1366 1180 1442 agri
1202 1365 1301 1425 reditu
1324 1367 1493 1425 sustinetur.

181 1462 246 1522 Neo
268 1482 338 1522 vero
362 1482 398 1522 ea
420 1463 594 1522 disorirnina
616 1463 671 1522 hoe
693 1464 759 1538 ipso
782 1462 900 1521 decreto
922 1464 1062 1522 institute
1086 1463 1316 1538 existimaveris,
1344 1466 1427 1525 ouius
1450 1468 1494 1524 rei

181 1561 299 1620 nullum
326 1561 357 1620 in
386 1561 484 1621 verbis
513 1561 596 1620 tituli
619 1562 702 1620 extat
723 1560 875 1621 indicium.
920 1560 1058 1636 Ipsorum
1085 1579 1236 1621 sauronam
1264 1562 1344 1640 ordo,
1372 1566 1407 1622 ut
1432 1565 1494 1624 iam

181 1677 273 1736 supra
301 1661 412 1734 monui,
439 1662 572 1720 mutatus
596 1677 659 1719 esse
685 1659 816 1718 videtur:
849 1657 897 1718 vel
925 1678 969 1735 ea,
1002 1678 1078 1736 quae
1106 1660 1142 1719 de
1170 1659 1266 1720 bubus
1293 1661 1494 1722 saorifioandis

181 1776 210 1816 v.
232 1759 361 1816 19-22
385 1759 619 1834 praeeipiuntur,
641 1759 713 1817 noni
736 1756 850 1833 aliquid
874 1758 1024 1816 continere
1047 1757 1192 1817 videntur.
1235 1757 1346 1836 Utique
1370 1779 1439 1819 vero
1462 1760 1493 1819 id

180 1858 383 1932 praeseptum,
411 1856 490 1932 quod
518 1856 686 1934 generalem
708 1856 744 1916 (le
768 1857 902 1915 earnium
930 1855 1139 1915 distributione
1166 1875 1301 1916 normam
1329 1849 1494 1938 (νεμόντων

181 1951 217 2013 τά
240 1951 312 2032 κρέα
333 1986 370 1995 -
393 1986 435 1995 -
454 1953 591 2034 καθάπερ
615 1952 647 2014 ἐν
670 1957 733 2026 ταῖς
755 1949 856 2026 όίλλατς
878 1947 1081 2036 κρεανομίαις)
1105 1954 1309 2031 subsequitur:
1332 1953 1493 2018 ἀποδιδόν-

182 2071 230 2124 τες
248 2049 300 2124 τὰς
319 2051 439 2133 μερίδας
457 2051 500 2124 είς
522 2051 575 2114 τὸν
594 2051 691 2131 δῆμον
709 2050 832 2112 ἕκαστον
851 2049 925 2111 κατὰ
946 2049 1016 2123 τοὺς
1034 2048 1203 2130 πέμποντας
1221 2055 1280 2112 τιτλ.
1300 2073 1410 2114 novum
1429 2057 1494 2114 erat

181 2150 239 2210 hae
253 2152 412 2212 manifesto
426 2153 543 2212 ratione
558 2151 701 2226 additum,
720 2170 757 2210 ne
776 2148 932 2228 postmodo
948 2150 1090 2226 homines,
1110 2152 1164 2227 qui
1182 2169 1308 2227 pompos
1323 2152 1493 2232 defuissent,

179 2249 337 2324 epularum
360 2253 462 2310 umen
485 2248 638 2310 commodo
661 2251 824 2308 uterentur.

272 2367 299 2406 v.
311 2349 353 2408 30
372 2347 554 2427 παννυχίδας
572 2347 649 2408 hano
668 2350 801 2424 spectare
815 2346 933 2406 videtur
948 2346 1017 2406 Eur.
1031 2346 1180 2410 Heraolid.
1193 2349 1254 2406 781
1263 2365 1326 2424 sqq.
1341 2345 1493 2425 ἀνεμόεντι

179 2439 209 2506 δ’
235 2437 282 2505 ἐπ’
308 2441 390 2528 ὄχθῳ
418 2441 601 2526 όλολόγματα
628 2444 804 2524 παννυχίοις
830 2441 889 2504 ὑπὸ
917 2440 1078 2524 παρθένων
1106 2443 1185 2524 ἰαχεῖ
1207 2445 1309 2506 ποδῶν
1336 2445 1492 2527 ιτρότοισιν.

180 2543 279 2613 Quem
295 2547 412 2604 nostem
431 2542 595 2604 minoribus
615 2563 732 2620 quoque
751 2543 968 2603 Panathenaeis
986 2542 1125 2619 lampade
1143 2543 1291 2622 insignem
1308 2545 1399 2605 fuisse
1414 2548 1492 2604 reate

179 2641 346 2702 Mommsen
364 2643 495 2722 negavit,
514 2643 716 2719 quianullum
731 2642 793 2701 eius
811 2642 855 2699 rei
874 2645 957 2701 extat
970 2644 1187 2719 testimonium,
1205 2643 1256 2702 sed
1271 2642 1394 2718 aooedit,
1413 2643 1492 2720 quod

179 2740 402 2818 quinquaginta
424 2741 591 2816 mimae,
610 2759 686 2817 quae
705 2741 760 2800 hoo
780 2739 897 2799 deoreto
916 2759 982 2800 oum
1006 2739 1044 2799 ad
1068 2741 1143 2800 alias
1165 2759 1213 2800 res
1235 2743 1302 2800 tum
1321 2741 1359 2800 ad
1377 2760 1491 2818 panny-

179 2837 269 2898 ohiia
292 2839 489 2914 destinantur,
512 2839 783 2917 lampadedromiae
807 2841 941 2914 expensis
965 2858 1025 2898 nou
1047 2839 1242 2899 suffioiebant.

220 3135 223 3146 Ι
273 3071 323 3127 80.
342 3071 453 3127 'Pabula
466 3073 614 3127 marmoris
627 3072 774 3140 Pentelici,
792 3073 907 3128 inventa
925 3073 955 3126 in
969 3073 1102 3138 Piraeo,
1122 3089 1197 3127 nuno
1210 3073 1329 3128 Athenis
1344 3073 1373 3126 in
1387 3089 1490 3128 museo.

180 3151 253 3207 Edd.
268 3151 445 3208 Kumanudis
464 3151 668 3224 Παλιμμενεσία
688 3157 721 3208 10
739 3156 824 3209 Σιπτ.
846 3158 928 3222 1870,
947 3153 1068 3208 Fouosrt
1086 3155 1275 3209 Assooiotioos
1292 3155 1368 3224 relig.
1387 3171 1414 3224 p.
1432 3159 1491 3223 187,

179 3231 303 3288 Koehler
326 3233 376 3288 IG
399 3232 424 3286 Π
449 3239 513 3302 168,
541 3233 740 3304 Dittenberger
768 3233 850 3304 Syll.²
873 3239 938 3302 551,
966 3233 1070 3288 Michel
1098 3233 1211 3289 Recessit
1239 3238 1297 3288 104.
1340 3233 1380 3288 Ol.
1405 3235 1492 3289 etiam

179 3312 211 3368 E.
226 3312 321 3367 Maass
342 3313 465 3384 θορόντα
482 3333 509 3384 p.
525 3319 558 3367 73
567 3331 640 3383 sqq,
660 3312 759 3370 Hartel
777 3317 834 3370 Ao.
850 3315 1018 3370 Staotsreott
1034 3333 1062 3384 p.
1079 3319 1111 3368 79
1131 3316 1160 3368 et
1179 3320 1313 3383 213sqq.,
1332 3313 1405 3369 Lena
1430 3316 1492 3370 Dus

178 3393 338 3466 Synaos-ion
356 3395 405 3450 cler
422 3395 667 3466 Bwndespeaossea
685 3397 723 3450 im
741 3397 851 3452 τιοιόίιντ
869 3397 925 3451 atla
940 3395 1049 3450 Βαναία.
1078 3397 1153 3450 Dies.
1176 3399 1244 3447 1880
1263 3413 1290 3464 p.
1306 3401 1340 3449 46
1351 3412 1410 3464 sqq.

761 3539 916 3626 [epos.

325 3671 383 3728 Ἐπὶ
398 3673 586 3740 Νικοκράτου(
600 3673 745 3744 δρχοντξοε
759 3675 804 3728 ἐπὶ
820 3677 871 3741 τῆ(
885 3673 1009 3738 Αἰγείδο(
1022 3671 1147 3746 ποώδη(
1160 3672 1337 3742 semovetur,
1351 3677 1411 3728 τῶν
1424 3691 1491 3742 προ-

197 3767 214 3815 5
234 3763 345 3832 έδΗρων
359 3763 533 3830 ἐπεψήφιζεν
547 3763 693 3836 ‘istoriole
708 3763 874 3830 Φηγούειοε·
894 3765 989 3818 ἔδοξεν
1003 3766 1049 3830 τῆι
1064 3764 1177 3831 filonis·
1198 3762 1379 3830 Ἀντί[δ]οτοε
1395 3762 1491 3818 Ἀπολ-

181 3855 215 3905 10
235 3853 373 3922 λοΙδώρου
388 3851 579 3919 (unalamer
599 3854 697 3924 εἰπεμ·
717 3855 781 3919 περὶ
799 3853 840 3906 ῶν
859 3855 984 3918 λέγουτιν
1002 3851 1030 3906 oi
1050 3851 1163 3924 Κιτ)ιε11
1181 3855 1244 3920 περὶ
1261 3856 1312 3920 τῆ(
1326 3852 1468 3920 ὶδρύτειω(
1484 3853 1489 3923 Ι

253 4085 298 4154 sl)
315 4082 509 4138 Isoor.V1189
529 4085 559 4141 ἐν
578 4084 608 4139 δὲ
627 4091 687 4146 τοίς
705 4081 871 4153 ἁγιωτάτοις
888 4091 943 4138 τῶν
958 4083 1041 4153 ἱερῶν
1056 4085 1112 4140 ἀπὸ
1131 4083 1320 4154 μισθωμάτων
1337 4083 1435 4154 ἔθυον,
1455 4084 1490 4140 of.

178 4163 266 4234 Harp.
286 4181 308 4218 s.
322 4181 347 4219 s.
367 4165 424 4219 ouo
443 4163 642 4234 μιιθαμάτων·
663 4164 728 4234 (vid.
743 4182 770 4234 p.
786 4169 820 4218 83
839 4167 896 4220 not.
913 4167 947 4235 1).

252 4256 297 4324 22)
321 4253 357 4308 of.
375 4269 448 4323 quoe
472 4253 507 4308 do
529 4253 582 4308 hae
604 4271 635 4308 re
658 4252 801 4323 disputavi
819 4255 918 4310 Reae
934 4254 1009 4310 Ματ.
1028 4254 1047 4308 l.
1062 4271 1085 4308 o.
1105 4273 1132 4324 p.
1148 4261 1248 4323 215sq.
1286 4253 1372 4309 Raeto
1395 4255 1490 4309 tamon

178 4334 261 4388 Prott
280 4335 421 4390 Bassiane
438 4333 589 4390 Jasmsoer.
605 4332 652 4388 011
668 4337 735 4388 1899
753 4352 781 4403 p.
795 4339 827 4387 71
848 4332 952 4388 obiecit
969 4334 1151 4390 hecatombas
1170 4352 1226 4391 non
1245 4351 1388 4402 nunquam
1406 4334 1490 4404 pleno

179 4429 297 4469 numero
320 4414 441 4470 minores
464 4413 565 4484 fuisso,
588 4413 667 4468 ouius
691 4412 775 4468 moris
798 4413 994 4484 gravissimum
1017 4431 1051 4470 ao
1069 4415 1190 4471 maxime
1209 4415 1310 4470 mirum
1330 4415 1490 4485 exemplum

178 4511 255 4548 nuno
273 4494 398 4550 innotuit
415 4494 479 4565 loge
497 4494 643 4550 Milesiaea
660 4512 687 4547 n.
705 4500 755 4549 158
774 4512 800 4550 v.
817 4500 849 4549 18
869 4492 938 4550 όταν
957 4493 1168 4566 στεφανηφόροι
1189 4495 1268 4551 losse
1288 4497 1316 4560 ἐς
1330 4493 1451 4565 Δίδυμα,
1471 4497 1489 4565 ἡ

178 4573 261 4638 πόλις
279 4577 357 4632 διδοῖ
375 4573 530 4647 ἐκατόνβην
549 4573 613 4644 τρία
632 4575 741 4647 ίηοήιια
758 4575 857 4631 τέλεια.

252 4668 297 4736 28)
321 4665 401 4721 101
422 4670 472 4719 188
492 4664 585 4736 (Sym
602 4668 648 4736 51)
669 4685 692 4720 v.
708 4671 737 4722 ότ
761 4664 934 4730 ἀθλοθέταις
956 4664 1105 4736 παρεδόθη
1124 4667 1153 4731 ἐς
1170 4665 1367 4735 Παναθήναια
1390 4665 1425 4720 τά
1443 4687 1489 4737 με·

179 4746 252 4817 μάλα
275 4773 311 4788 -
333 4775 369 4788 -
388 4777 421 4787 —
440 4743 593 4816 Ἀθηναίας
614 4745 757 4809 Πολιάδος
776 4751 782 4800 Ξ
800 4748 866 4801 lilii
887 4746 1039 4816 ίεροποιοῑς
1061 4744 1125 4803 κατ’
1147 4747 1277 4803 ἐνιαυτὸν
1302 4779 1334 4788 -
1354 4779 1388 4788 —-
1409 4779 1441 4788 -
1461 4749 1490 4810 se

179 4827 231 4897 τὴν
250 4825 407 4898 ἑκατόμβην
427 4829 580 4881 suasus.
609 4827 806 4895 Difficultates,
827 4845 896 4896 quas
915 4827 968 4882 hoo
987 4827 1178 4883 testimonium
1197 4831 1313 4898 propter
1330 4831 1488 4897 temporum

179 4908 318 4962 rationem
336 4907 471 4978 praebere
489 4906 646 4976 videbatur,
665 4907 780 4962 sustulit
798 4907 843 4962 Br.
858 4907 921 4963 Keil
940 4909 1055 4964 Henna
1072 4907 1161 4962 XXIX
1179 4927 1206 4978 p.
1222 4913 1256 4964 89
1263 4927 1302 4979 sq.
