3426 5462
638 320 794 376 ATTIOAE
814 340 840 376 n.
862 328 901 376 11.
920 327 951 376 12
1408 321 1452 384 49

133 495 230 552 etiam
254 492 293 552 ad
315 489 351 551 τὰ
374 488 461 572 σκίίη
485 493 633 551 referatur
656 510 716 550 non
738 491 825 551 modo
849 490 920 566 quia
943 490 1031 550 chier
1055 490 1274 551 adversativam
1301 493 1451 568 exspecta-

135 610 205 650 mus
224 592 474 665 coniuncticnem,
492 593 527 648 ut
544 591 662 650 monuit
680 589 774 664 Dttb,
792 589 877 649 velut
895 585 1000 648 τῶνδὲ
1020 589 1170 667 δημοσίων
1189 587 1224 648 ιὰ
1243 586 1379 668 δέρματα,
1400 590 1451 649 sed

134 691 230 748 etiarn
250 687 331 764 quia,
349 689 376 748 si
395 688 515 747 carebat
534 690 671 748 sacerdos
690 689 761 747 ullis
780 687 915 764 privatae
935 689 978 746 rei
992 705 1093 746 sacrae
1108 688 1323 760 emolumentis,
1342 706 1452 766 magna

135 788 179 846 50
204 787 417 846 drachmarum
444 805 555 846 merces
583 787 703 846 facilius
731 787 926 864 intellegitur.
972 785 1095 844 Privata
1124 789 1224 846 autem
1252 785 1452 845 emolumenta

133 885 204 945 ideo
233 885 344 959 deesse,
372 887 444 961 quia
471 885 569 943 cultus
592 883 745 944 Victoriae
773 883 909 960 publicus
939 884 1128 959 potissimum
1154 886 1220 942 erat
1247 887 1277 942 et
1300 885 1452 943 rarissima

134 982 285 1042 sacrificia
303 984 432 1061 privata,
455 981 523 1042 Keil
545 973 706 1064 docuit¹⁵);
729 983 807 1041 idem
827 981 910 1041 verbi
929 979 1030 1062 φέρειν
1048 984 1170 1058 repetiti
1188 983 1336 1041 rationem
1354 1000 1452 1059 gram·

133 1081 280 1140 maticam
309 1101 375 1140 enm
403 1099 474 1155 esse,
502 1084 538 1140 ut
560 1080 678 1142 diversa
705 1081 972 1140 emolumentorum
996 1100 1117 1158 genera,
1145 1083 1272 1156 pecunia
1295 1083 1326 1138 et
1351 1084 1452 1158 partes

135 1179 313 1254 hostiarum,
337 1178 550 1254 indicarentur,
573 1181 725 1255 perspexit
748 1179 972 1257 gravioremque
991 1182 1060 1254 post
1079 1177 1209 1258 δραχμάς
1228 1178 1451 1238 distinctionem

135 1278 304 1354 requisivit.
356 1276 426 1354 Ipsa
454 1295 511 1335 vox
538 1273 573 1334 τὰ
601 1272 687 1354 σκίίη
720 1277 881 1337 offensione
913 1295 973 1334 non
1001 1280 1091 1351 caret,
1120 1278 1260 1352 quoniam
1290 1279 1324 1335 ut
1357 1277 1453 1335 femur

135 1377 371 1434 usitatissimum
398 1373 586 1434 sacerdotum
613 1375 846 1434 emolumentum
875 1376 952 1449 erat,
983 1376 1029 1434 ita
1061 1374 1176 1434 solebat
1206 1376 1267 1434 fere
1299 1377 1327 1432 ei
1359 1395 1452 1433 unum

136 1473 205 1532 dari
241 1473 339 1532 femur
375 1471 525 1532 interdum
562 1475 730 1532 accuratius
767 1472 921 1532 definitum
958 1474 1042 1532 velut
1075 1473 1163 1532 verbo
1201 1471 1311 1546 δεξιόν,
1349 1492 1383 1532 ac
1416 1493 1451 1531 ne

135 1572 207 1630 huic
232 1571 350 1646 quidem
375 1570 523 1631 sacerdoti
546 1574 653 1630 cuncta
676 1572 791 1631 hostiae
816 1573 929 1631 femora
953 1589 1090 1630 concessa
1114 1589 1177 1631 esse
1200 1574 1282 1647 puto.

230 1671 297 1728 nd
322 1687 398 1744 quae
427 1668 463 1728 de
491 1669 656 1728 sacerdotio
685 1671 922 1744 constituuntur,
949 1671 1207 1745 interrumpuntur
1233 1679 1392 1747 praecepto
1420 1668 1451 1730 τὸ

136 1764 219 1847 ἱερὸν
238 1771 375 1846 θυρῶσαι
398 1770 468 1845 καί,
491 1768 571 1843 quod
590 1766 776 1827 hauddubie
795 1787 830 1826 ea
848 1768 964 1827 ratione
983 1769 1032 1827 hic
1050 1767 1192 1826 inseritur
1209 1786 1262 1826 nec
1281 1787 1348 1826 cum
1367 1787 1451 1844 prae-

136 1869 225 1942 cepto
249 1865 285 1923 dc
309 1885 361 1924 ara
384 1869 415 1924 et
444 1867 555 1942 templo
580 1865 762 1925 aedificando
790 1867 994 1944 coniungitur,
1021 1868 1056 1924 ut
1083 1884 1134 1924 eae
1162 1883 1217 1940 res,
1246 1884 1319 1941 quas
1348 1868 1452 1925 statim

136 1963 240 2040 perfici
263 1966 413 2040 oporteat,
441 1965 672 2042 praeponantur.
720 1963 858 2024 Ceterum
881 1964 936 2023 hoc
960 1965 1132 2022 testimonio
1155 1963 1232 2022 nihil
1255 1963 1338 2022 dubii
1360 1965 1451 2022 relin-

137 2063 251 2138 quitur,
275 2063 348 2138 quin
370 2062 432 2120 iam
455 2066 524 2120 ante
549 2062 693 2138 templum
717 2062 906 2122 aedificatum
930 2061 1033 2121 fanum
1053 2056 1218 2140 Ἀθηναίας
1237 2061 1336 2140 Νίκης
1360 2063 1451 2121 fuerit

133 2160 276 2252 quamvis
299 2179 426 2236 parvum
450 2163 480 2218 et
501 2160 668 2219 modestum
693 2193 733 2202 -
759 2161 880 2220 carebat
903 2160 981 2218 enim
1001 2179 1053 2218 ara
1075 2151 1240 2240 lapideam)
1260 2178 1314 2218 nec
1337 2159 1451 2220 foribus

136 2257 333 2318 claudebatur
356 2290 408 2332 -—·,
430 2261 569 2334 recteque
592 2261 625 2317 in
651 2260 708 2318 hoc
736 2259 845 2318 sacello
873 2260 1041 2334 antiquitus
1069 2259 1160 2318 fuisse
1189 2255 1297 2331 ξόανον
1325 2255 1450 2337 ι’ίιιιερον

136 2355 205 2435 ἕχον
228 2353 261 2416 ἐν
285 2353 338 2434 μὲν
365 2363 401 2438 τῇ
429 2355 511 2440 δεξιᾷ
538 2354 622 2436 ῥόαν,
650 2355 682 2416 ἐν
709 2353 742 2417 el
770 2365 804 2440 ‘li
829 2355 972 2440 εὐωνύμῳ
997 2355 1105 2436 κράνος
1128 2349 1260 2438 (Heliod.
1284 2377 1330 2433 ap.
1355 2356 1448 2435 Harp.

138 2475 160 2514 s.
181 2474 209 2513 v.
233 2454 316 2532 Νίκη
337 2447 466 2536 Ἀθηνᾶ)
489 2454 661 2514 Karvadias
684 2459 801 2515 statuit.

229 2573 255 2612 v.
284 2553 399 2628 losqq.
426 2553 557 2611 nondum
590 2557 670 2612 certo
703 2555 835 2631 suppleti
867 2555 950 2629 sunt,
982 2550 1123 2626 ἔιιιδεῖξαι
1156 2561 1203 2632 ιίμ
1235 2553 1343 2632 βουίῆι
1376 2556 1450 2613 satis

137 2653 253 2710 certum
286 2643 463 2732 videtur¹⁷);
492 2670 567 2727 quae
596 2651 701 2710 deinde
731 2652 820 2711 Gavv.
849 2653 1004 2730 proposuit
1030 2649 1138 2712 καθότι
1170 2645 1390 2730 ιἰιιο[μισθόσαι
1413 2647 1451 2710 dcv

136 2747 241 2820 αὐτοῖς
263 2741 385 2828 δόχσ]ει,
408 2745 457 2820 τὸς
481 2742 527 2828 [δὲ
550 2749 707 2828 πρυτάνεις
731 2748 760 2822 ἐς
783 2749 834 2811 ιὸν
854 2749 944 2827 δέμον
965 2743 1161 2830 ἔχσενεγκέν],
1185 2769 1220 2808 ea
1239 2749 1399 2826 displicent
1421 2753 1452 2808 et

136 2850 262 2924 propter
275 2849 453 2923 positionem
467 2848 633 2923 particulae
647 2844 694 2923 ίίν,
708 2853 742 2906 ut
756 2850 820 2924 ipse
835 2849 988 2922 concessit,
1002 2848 1156 2906 insolitam
1170 2851 1200 2906 et
1219 2848 1290 2923 qnia
1303 2846 1451 2906 desidera-

136 2951 189 3004 tur
202 2945 235 3004 ni
249 2945 339 3005 fallor
352 2946 465 3004 mentio
484 2946 582 3022 operis
602 2947 775 3020 collocandi,
794 2948 936 3024 quoniam
956 2965 1046 3022 supra
1059 2950 1090 3005 et
1104 2945 1140 3005 de
1154 2945 1266 3023 templo
1282 2949 1312 3004 et
1326 2946 1362 3005 de
1380 2945 1451 3005 fori-

136 3043 193 3103 bus
213 3044 394 3103 collocandis
413 3045 525 3104 mentio
545 3047 617 3103 erat.
652 3045 784 3104 Dittenb.
799 3045 918 3121 scripsit
936 3038 1184 3123 ἀιιομ[ισθόσειαι
1202 3045 1319 3120 reliqua
1336 3044 1452 3104 intacta

135 3143 318 3218 relinquens.
352 3141 464 3217 Utique
483 3141 687 3219 cognoscimus
706 3143 796 3202 fuisse
816 3143 940 3202 Athenis
960 3143 1020 3219 qui,
1039 3161 1107 3201 cum
1124 3161 1187 3201 rem
1206 3162 1240 3200 ex
1259 3145 1346 3201 unius
1362 3141 1451 3201 (lalli-

79 3245 86 3254 '
136 3243 230 3300 cratis
253 3239 377 3298 arbitrio
400 3239 528 3316 pendere
551 3241 677 3317 nollent,
701 3241 882 3316 obtinerent,
910 3245 944 3300 ut
966 3243 1027 3300 tres
1050 3243 1201 3300 senatores
1225 3259 1285 3300 una
1308 3259 1374 3300 cum
1397 3241 1451 3300 illc

135 3340 181 3398 rei
205 3339 393 3398 consulerent
416 3329 468 3418 (cf.
488 3357 564 3415 quae
587 3339 661 3398 bene
685 3339 720 3398 de
743 3339 800 3398 hac
822 3359 853 3398 re
878 3341 1014 3416 exposuit
1036 3338 1130 3398 Kavv.
1150 3358 1178 3414 p.
1200 3339 1262 3398 188
1273 3331 1361 3419 sqq).

230 3437 388 3496 Decretum
409 3436 434 3494 B
458 3440 591 3513 tempore
613 3440 762 3514 posterius
786 3457 848 3497 esse
872 3441 902 3496 et
926 3440 1100 3516 argumento
1124 3436 1353 3513 demonstratur,
1371 3438 1451 3514 quod

136 3539 300 3612 praecepta
322 3535 405 3594 illius
429 3537 552 3612 respicit
575 3527 616 3617 (r.
638 3537 655 3594 6
680 3535 862 3614 πεντήκοντα
886 3533 1017 3615 δραχμὰς
1044 3531 1095 3606 τὰς
1117 3531 1318 3616 γεγραμμένας
1348 3533 1379 3595 ἕν
1402 3543 1451 3614 rip

136 3625 267 3714 σιὴίηι),
286 3636 317 3692 et
334 3634 515 3709 litteratura,
535 3633 571 3692 de
591 3635 674 3693 cuius
692 3636 769 3693 mira
789 3634 960 3693 condicione
979 3634 1040 3692 iam
1059 3653 1149 3709 supra
1168 3634 1224 3712 egi.
1244 3666 1285 3675 —
1306 3634 1356 3710 lie,
1375 3653 1451 3710 quae

136 3735 299 3808 supersunt
326 3731 363 3790 de
395 3731 528 3791 mercede
556 3733 728 3807 sacerdotis,
760 3752 819 3809 que
846 3750 946 3791 mense
978 3735 1008 3790 et
1036 3749 1054 3790 a
1082 3731 1188 3808 quibus
1219 3732 1308 3807 pendi
1336 3732 1451 3807 debeat,

138 3829 338 3908 praecipitum
365 3831 493 3889 sortasse
517 3831 609 3889 etiarn
632 3831 668 3889 de
692 3833 797 3890 ceteris
821 3831 973 3908 sportulis,
997 3849 1070 3906 quas
1097 3830 1196 3906 priore
1220 3831 1337 3889 decreto
1360 3831 1450 3907 paulo

137 3929 294 3988 obscurius
317 3931 463 3988 mactatas
486 3947 577 4004 supra
600 3928 740 4004 vidimus,
763 3931 931 3988 accuratius
955 3931 1055 3987 actum
1079 3931 1150 3989 erat.

211 4097 261 4154 12.
290 4098 460 4169 Fragmenta
488 4101 623 4167 quattuor
649 4099 796 4154 marmoris
823 4098 961 4154 Pentelici
992 4099 1107 4153 inventa
1134 4098 1291 4165 Athenis,
1324 4100 1450 4169 undique

137 4179 249 4246 mutila,
267 4179 324 4234 nisi
343 4179 418 4248 quod
436 4178 590 4250 fragmenti
608 4199 627 4235 α
645 4195 742 4250 margo
762 4183 841 4234 extat
859 4179 980 4245 sinister,
999 4179 1151 4250 fragmenti
1166 4179 1184 4232 d
1202 4181 1342 4249 superior;
1361 4181 1450 4234 cetd

135 4263 251 4330 praeter
269 4260 446 4329 superficiem
465 4259 588 4314 deletam
607 4260 681 4314 inter
699 4277 728 4314 se
747 4261 923 4332 contingunt,
942 4261 958 4314 b
975 4277 1049 4314 nunc
1063 4259 1203 4330 deperditi
1217 4276 1303 4314 unum
1318 4263 1450 4330 ectypum

137 4341 320 4395 chartaceum
336 4343 477 4394 servatum
491 4342 542 4408 est,
557 4342 633 4408 quod
648 4341 842 4395 Eustratiades
861 4339 990 4395 confecit.
1021 4341 1081 4395 abc
1099 4340 1249 4395 coniuncta
1267 4341 1330 4397 edd.
1346 4341 1449 4396 Kuma-

140 4453 276 4461 ——--=--..
288 4453 317 4459 --
331 4455 337 4458 ⁴
348 4453 356 4459 .

211 4521 255 4588 Ιῠ)
275 4517 384 4572 nullum
402 4519 545 4588 privatum
564 4518 712 4574 donarium
731 4519 874 4574 Minervae
888 4518 1031 4574 Victoriae
1050 4521 1145 4574 extare
1159 4523 1267 4588 monet;
1285 4519 1450 4575 testimonia

138 4599 247 4669 publici
266 4599 360 4654 cultus
378 4599 412 4652 K.
433 4600 574 4670 congessit
592 4619 620 4670 p.
636 4605 697 4667 314,
708 4607 733 4654 2.

211 4685 256 4750 16)
275 4680 311 4736 de
325 4681 381 4736 aris
396 4680 550 4750 cespitioiis
564 4679 760 4750 similibusque
775 4681 810 4735 cf.
821 4681 923 4735 Reisch
938 4682 1014 4750 apud
1024 4681 1282 4752 Pauly-Wieaorocl
1296 4699 1323 4751 p.
1334 4687 1449 4750 loweq.

212 4749 316 4832 liscf.
335 4767 395 4816 καί
414 4778 436 4814 v.
453 4765 487 4814 60
506 4763 536 4815 et
553 4762 637 4816 Arist.
657 4759 711 4816 ίίθ.
731 4765 791 4816 καί.
810 4767 881 4830 49,3
906 4762 1016 4830 ἔκρινεν
1039 4760 1070 4816 δέ
1093 4781 1160 4816 ποτε
1179 4761 1206 4832 (ἡ
1226 4763 1321 4833 βουλὴ)
1344 4763 1392 4817 καί
1414 4763 1449 4816 κά

139 4838 355 4912 παραδείγματα
383 4841 431 4895 καί
458 4839 508 4895 τὸν
535 4840 650 4908 adulor,
674 4858 758 4910 quem
785 4841 878 4897 locum
906 4842 963 4896 iam
987 4842 1096 4911 pridem
1120 4842 1225 4912 optime
1248 4843 1450 4913 interpretatus

140 4925 183 4975 est
197 4920 388 4976 Wilamcwitc
407 4923 493 4975 Arist.
513 4923 573 4976 αιιιί
591 4924 683 4977 Attea
702 4921 789 4990 1213,
800 4927 842 4976 50.

193 5023 265 5073 Lepos
281 5021 361 5062 Gracc.
377 5021 459 5060 Sacrae
474 5021 508 5060 ed.
524 5022 638 5062 Zichon.
1220 5018 1235 5064 d
