3424 5462
696 331 854 388 cuorus
873 352 900 390 n.
916 339 950 389 ss
1265 284 1266 290 .
1410 337 1476 403 203

163 502 295 578 quadam
317 503 374 562 hcc
396 505 588 580 praeceptum
610 500 736 561 laborat.
771 502 871 562 Verba
894 505 973 562 enim
995 501 1045 562 aul
1067 509 1114 564 τεῖ
1130 505 1230 565 θυσίει
1252 503 1356 568 iseros*
1373 506 1476 566 κατεύ-

163 597 415 680 probatissimos
438 601 461 660 si
487 601 650 679 coniungas
674 618 741 660 oum
763 602 915 678 superiore
939 603 1096 677 sententia,
1119 607 1154 662 ut
1176 604 1320 679 apcdosin
1344 604 1476 664 efficiant

164 699 322 758 verborum
346 697 417 759 ὅταν
440 695 472 758 δὲ
496 696 536 776 μὴ
559 703 661 776 nupsi,
689 717 910 774 supervacanea
933 702 962 758 et
990 718 1083 780 paene
1107 701 1231 761 molesta
1258 706 1341 776 sunt3
1368 705 1415 762 sin
1438 703 1475 762 ab

164 797 225 856 illis
249 816 368 873 separes
392 800 547 874 tamquam
570 814 680 856 novum
698 797 912 874 propriumque
931 802 1122 873 praeceptum
1141 800 1237 875 primo
1256 803 1334 860 certe
1354 805 1475 876 aspectu

164 895 290 956 adversa
317 895 416 954 fronte
444 913 511 954 cum
539 896 690 970 superiore
719 886 926 976 (κατεύχεσθαι
948 927 992 935 -
1016 928 1058 936 —
1087 895 1158 956 ὅταν
1181 902 1281 976 nupsi,
1309 896 1360 959 τὸν
1384 891 1474 980 ἱερέα)

164 995 309 1072 pugnant.
354 993 462 1070 Itaque
484 991 696 1070 Dittenberger
722 1011 794 1052 voce
822 998 868 1052 rei
885 995 985 1054 θυσίει
1008 995 1185 1054 sacrificium
1213 996 1354 1056 sollemne
1377 997 1476 1074 publi-

164 1109 233 1151 cum
259 1091 318 1151 dici
346 1092 485 1151 coniecit:
512 1109 565 1167 per
592 1092 734 1150 feriarum
762 1095 879 1167 tempus
908 1098 1100 1170 praeceptum
1126 1093 1211 1169 illud,
1240 1114 1277 1154 ne
1301 1097 1368 1171 quis
1391 1114 1475 1171 prae·

163 1193 247 1250 sente
270 1189 423 1250 sacerdote
447 1191 510 1266 ipse
532 1209 594 1248 rem
618 1188 731 1248 faceret
753 1207 878 1265 sacram,
900 1193 996 1250 teneri
1018 1211 1078 1251 non
1097 1195 1229 1269 potuisse
1248 1211 1316 1252 cum
1335 1195 1407 1269 quia
1424 1194 1476 1252 ille

162 1288 291 1365 publicis
319 1290 411 1348 sacris
439 1291 601 1364 occupatus
630 1289 715 1362 esset,
748 1291 814 1346 tum
842 1290 913 1364 quia
936 1309 990 1365 per
1012 1290 1081 1349 illos
1104 1290 1166 1350 dies
1195 1291 1283 1369 longe
1308 1293 1403 1350 maior
1424 1292 1477 1353 ho-

162 1389 278 1446 miuum
304 1389 491 1464 privatorum
519 1385 608 1445 turba
627 1405 717 1463 quam
739 1405 883 1461 umquam
905 1388 980 1446 alias
1004 1407 1072 1448 cum
1094 1389 1225 1447 victimis
1252 1391 1315 1448 suis
1337 1391 1370 1448 in
1393 1389 1477 1448 delu-

163 1485 251 1545 brum
269 1485 468 1545 confluxisset.
505 1483 638 1543 Offendit
656 1501 727 1544 sane
745 1486 790 1543 ita
807 1486 875 1559 ipsa
888 1503 946 1544 vox
964 1486 1079 1561 θνσίεις
1098 1486 1147 1546 vix
1167 1489 1246 1546 euim
1260 1505 1350 1547 causa
1368 1486 1476 1548 idonee

162 1587 242 1657 erat,
265 1602 318 1643 cnr
339 1584 395 1644 hoc
417 1583 484 1643 loco
506 1601 566 1642 non
589 1601 683 1658 aeque
707 1601 742 1641 ac
759 1601 787 1641 v.
807 1585 849 1642 34
873 1579 958 1662 ἑορτή
981 1588 1186 1660 usurparetur,
1210 1588 1385 1662 praesertim
1409 1605 1476 1645 cum

162 1701 266 1742 vocem
288 1681 389 1742 θυσίει
410 1681 538 1742 moleste
555 1680 610 1739 illa
630 1680 811 1757 ambiguitas
833 1685 1014 1758 sequeretur.
1052 1683 1114 1742 Nec
1134 1702 1205 1743 vero
1225 1703 1301 1760 quae
1320 1687 1476 1760 praetores

162 1783 327 1859 excogitari
353 1783 492 1857 possunt,
522 1779 682 1839 offensione
710 1779 851 1838 liberiora
872 1783 944 1839 sunt
966 1781 1104 1840 stillum
1127 1783 1159 1840 in
1182 1782 1304 1842 modum
1327 1785 1406 1843 certe
1428 1802 1475 1844 res

161 1881 230 1955 ipsa
254 1881 366 1955 optime
390 1878 503 1952 evenit3
526 1879 619 1936 etiam
643 1876 723 1954 quod
747 1876 795 1935 die
817 1875 894 1937 festo
917 1879 1054 1939 sacerdos
1078 1881 1154 1938 nihil
1178 1899 1213 1938 ex
1236 1881 1362 1957 privetis
1386 1884 1474 1941 sacri·

162 1977 239 2036 ficiis
262 1977 373 2053 accipit
392 1969 433 2058 (v.
451 1969 565 2056 34sq.)‚
590 1977 702 2052 optime
725 1974 1035 2055 oumDittenbergeri
1056 1980 1304 2054 interpretatione
1328 1982 1474 2039 convenit.

163 2074 302 2136 Ceterum
326 2073 405 2150 apud
424 2073 595 2134 Hercudsm
618 2073 759 2132 mulieres
772 2073 952 2149 Aesculapio
971 2075 1171 2136 sacrificantes
1190 2096 1249 2136 non
1272 2079 1355 2154 ipsae
1374 2096 1475 2154 preces

162 2176 346 2248 nuncupant,
370 2171 421 2232 sed
445 2171 584 2231 aedituus
608 2163 833 2253 (11111112).

252 2271 288 2330 V.
304 2272 346 2331 30
365 2275 433 2348 post
452 2267 545 2350 δέρμα
562 2287 668 2330 rasura
687 2272 732 2328 est
750 2269 850 2328 decem
871 2269 1048 2329 litterarum.
1082 2271 1166 2330 Dttb.
1182 2271 1342 2350 λαμβάνειν
1356 2273 1475 2349 supple·

162 2373 248 2428 verat
272 2369 437 2428 subiectum
461 2387 523 2428 esse
546 2365 598 2426 τὸν
621 2363 698 2447 ἱερέα
722 2366 894 2426 arbitratus.
941 2368 1000 2428 Sed
1023 2389 1119 2446 neque
1141 2371 1273 2445 spatium
1295 2372 1342 2430 ita
1363 2371 1474 2447 expleri

163 2471 192 2528 et
216 2467 252 2526 de
276 2467 483 2526 emolumentis
511 2466 675 2525 sacerdotis
703 2465 821 2525 demum
844 2487 871 2526 v.
892 2467 933 2526 33
958 2469 1009 2544 agi
1031 2467 1099 2526 Keil
1122 2470 1275 2528 verissime
1301 2471 1417 2528 monuit
1440 2488 1474 2529 as

162 2567 354 2643 sagacissime
377 2567 521 2641 scriptum
544 2564 635 2623 fuisse
658 2567 691 2622 τῦ
714 2568 770 2624 ded
792 2551 857 2624 ἒναι
881 2567 1007 2624 coniecit
1029 2566 1139 2641 pellem
1162 2585 1250 2642 saepe
1275 2567 1329 2626 deo
1354 2567 1474 2627 cessisse

162 2663 305 2740 exemplis
333 2667 412 2723 recte
441 2653 673 2742 confirmans.¹³)
720 2661 798 2722 Sane
825 2662 881 2722 hoc
908 2666 1100 2742 praeceptum
1124 2663 1218 2741 Oropi
1244 2683 1305 2724 nou
1327 2667 1474 2724 intactum

162 2763 306 2823 1111111111
329 2779 434 2821 rasura
456 2759 577 2820 indicat.

252 2859 288 2918 V.
309 2863 347 2920 31
379 2859 536 2919 arbitrium
564 2877 772 2934 quamcunque
799 2859 928 2918 hostiam
955 2859 1142 2920 sacrificandi
1164 2862 1209 2919 ita
1230 2862 1263 2920 in
1290 2861 1386 2921 altera
1409 2861 1474 2939 lege

162 2978 221 3019 uon
245 2960 380 3032 recurrit,
403 2976 473 3016 nam
495 2976 524 3015 n.
546 2958 608 3016 109
633 2961 664 3016 11
686 2977 714 3015 n.
737 2958 808 3032 119,
832 2959 889 3016 etsi
912 2956 1015 3017 eadem
1038 2959 1099 3017 fere
1127 2959 1257 3018 formula
1279 2963 1370 3040 atque
1394 2959 1474 3019 ἅπαν

162 3055 207 3117 ὅτι
230 3053 267 3115 ἂν
291 3053 413 3135 βάληται
437 3055 533 3130 adest,
561 3055 748 3130 exceptiones
771 3055 970 3114 1111111111
993 3057 1195 3134 gravissimae.
1241 3057 1303 3116 Neo
1327 3076 1396 3117 vero
1421 3056 1473 3116 du-

161 3154 239 3230 bito,
267 3155 339 3230 quin
370 3155 402 3212 in
424 3152 589 3212 minoribus
612 3155 691 3212 11111
714 3142 831 3212 sacellis
853 3153 909 3212 hoc
932 3152 1092 3212 arbitrium
1114 3155 1260 3215 usitatum
1283 3157 1382 3214 fuerit.
1428 3156 1473 3215 De

162 3253 300 3314 carnibus
323 3253 490 3313 hostiarum
513 3254 545 3310 in
567 3252 638 3310 fano
661 3253 727 3327 ipso
751 3251 938 3312 comedendis
957 3253 994 3312 cf.
1013 3272 1041 3312 n.
1056 3253 1098 3310 48
1124 3255 1154 3312 11
1173 3272 1249 3330 quae
1267 3253 1312 3312 ibi
1330 3254 1428 3313 attuli.

252 3351 288 3410 V.
309 3353 349 3410 33
384 3351 535 3426 sportulae
568 3349 729 3409 sacerdotis
756 3349 908 3410 modestae
936 3351 1018 3424 sunt,
1049 3349 1127 3410 1111111
1159 3353 1238 3409 enim
1266 3353 1324 3412 nisi
1356 3370 1473 3412 umeros

160 3451 328 3510 hostiarum
352 3451 462 3524 accipit
485 3467 520 3508 ac
543 3448 729 3508 sollemnium
753 3447 802 3507 die
824 3466 861 3505 ne
885 3448 937 3507 hos
962 3447 1082 3523 quidem
1105 3467 1219 3528 omneS,
1247 3450 1299 3509 sed
1322 3449 1474 3527 δημοσίων

160 3547 264 3622 modo,
291 3550 375 3608 cuius
402 3549 446 3606 rei
473 3565 593 3606 oausam
620 3547 681 3604 iam
709 3565 800 3623 supra
828 3545 865 3604 ad
893 3566 920 3604 v.
941 3549 982 3606 27
1006 3547 1103 3623 tetigi.
1150 3547 1291 3606 Umerum
1320 3551 1474 3624 praeterea

161 3646 208 3707 bis
231 3647 263 3705 in
286 3647 372 3706 fastis
391 3645 538 3722 Myconiis
557 3637 658 3726 (Prott
678 3646 741 3702 n.4
762 3663 789 3702 r.
805 3645 823 3703 8
844 3636 951 3725 1132)
974 3644 1121 3704 sacerdoti
1144 3645 1238 3704 tribui
1256 3645 1391 3722 legimus
1409 3645 1473 3705 illic

160 3749 263 3806 tamen
290 3764 350 3804 una
378 3763 445 3804 oum
472 3745 592 3822 linguis.
639 3742 777 3802 Ceterum
799 3743 950 3800 mentione
973 3749 1026 3819 τῆς
1053 3739 1155 3822 ἑορτῆς
1182 3743 1415 3817 demonstratur,
1442 3743 1474 3802 id

161 3843 242 3920 quod
273 3863 328 3920 per
360 3861 390 3902 se
422 3845 519 3919 ipsum
549 3844 778 3901 consentaneum
806 3845 859 3912 est,
889 3858 948 3899 uon
976 3839 1094 3899 demum
1122 3841 1218 3900 altera
1244 3841 1288 3900 IV
1307 3861 1332 3900 a.
1354 3841 1420 3900 Chr.
1444 3861 1472 3900 n.

162 3943 273 4002 saeculi
299 3944 385 4017 parte
409 3940 498 4000 ferias
522 3940 705 4016 Amphiarao
733 3937 897 3998 celebratas
925 3957 1001 4012 esse,
1029 3940 1101 3998 licet
1127 3942 1193 3998 tum
1220 3939 1354 4015 demum,
1380 3939 1473 4000 Athe·

161 4039 313 4100 niensibus
347 4040 443 4098 denuo
474 4057 506 4097 re
539 4038 661 4114 publica
693 4034 805 4112 Oropia
837 4037 964 4111 tradita,
995 4037 1107 4096 maiore
1140 4037 1297 4114 splendore
1330 4041 1472 4097 eonstitu-

160 4141 212 4197 tae
238 4129 349 4219 sint.¹⁴)

250 4235 324 4294 inde
351 4255 370 4294 a
397 4256 424 4294 v.
445 4236 485 4294 36
515 4234 551 4294 de
581 4233 802 4294 condicionibus
830 4233 997 4309 ritibusque
1024 4234 1183 4294 incubandi
1213 4235 1357 4312 agebatur
1383 4235 1472 4295 velic-

161 4336 335 4410 menterque
354 4332 513 4394 dolendum
533 4335 578 4393 est
596 4332 739 4392 maiorem
753 4334 869 4408 partem
887 4335 1055 4408 temporum
1073 4333 1233 4410 iniquitate
1253 4333 1382 4392 deletam
1401 4353 1472 4394 esse.

234 4535 282 4599 13)
302 4531 390 4586 etiam
408 4530 504 4586 arietis
523 4545 608 4598 quem
626 4533 692 4583 ante
710 4528 921 4583 incubationem
939 4527 1031 4598 ipsam
1050 4527 1246 4584 sacrificabant
1260 4529 1372 4599 pellem,
1391 4531 1424 4584 ut
1439 4547 1472 4584 ea

161 4611 305 4666 substrata
333 4609 486 4666 dormirent
512 4609 603 4680 (Paua.
622 4609 739 4680 1316),
767 4608 833 4663 iude
861 4608 908 4663 dei
935 4608 1078 4679 propriam
1105 4609 1211 4664 factam
1239 4627 1298 4666 esse
1327 4614 1471 4665 consenta-

161 4695 341 4840 neunitlncf.
360 4787 387 4824 n.
408 4775 439 4825 31
466 4772 494 4825 et
517 4770 573 4824 duo
596 4787 668 4838 quae
692 4768 734 4824 ibi
756 4768 841 4824 attuli
864 4770 977 4824 decreta
996 4773 1032 4841 (p.
1049 4775 1129 4840 9lsq.
1148 4772 1235 4825 not.1
1257 4773 1286 4825 et
1305 4773 1339 4839 2).
1378 4771 1471 4825 Etiam

161 4851 474 5004 separttpppippssippnsspppe
493 4867 598 4905 annum
617 4856 669 4905 838
688 4850 724 4904 ab
740 4849 851 4920 Oropiis
869 4849 968 4906 habita
987 4867 1048 4906 esse
1067 4849 1190 4906 Dittenb.
1207 4851 1270 4906 coll.
1285 4853 1307 4906 Ι
1310 4851 1336 4906 G
1350 4851 1400 4905 Vll
1420 4857 1472 4904 414
