3424 5462
251 318 316 384 222
770 319 885 375 LEGES
905 318 1046 374 SACRAD

251 487 300 548 hie
322 507 441 565 quoque
459 488 578 549 subesse
595 488 749 565 probabile
769 493 821 550 est.
859 489 1051 564 Relinquitur
1069 507 1103 547 ea
1123 507 1213 565 quam
1232 492 1330 567 reeepi
1349 491 1453 566 lectio,
1478 509 1567 567 quam

252 585 385 646 Dittenb.
406 589 436 646 et
456 586 598 646 Pournier
621 591 747 664 uterque
770 586 922 647 commode
945 588 990 646 ita
1008 587 1070 646 fere
1088 589 1279 663 interpretati
1302 592 1387 648 sunt:
1410 589 1566 648 mulierem

252 686 278 744 si
301 703 317 742 e
339 685 497 760 puerperio
525 704 609 746 saera
637 685 779 760 faciebat,
811 688 846 743 ut
873 684 919 745 dis
947 683 1075 764 gratiam
1103 686 1240 761 referret,
1273 686 1416 746 adiurare
1440 685 1568 747 debebat

252 784 388 857 ooniunr,
413 785 464 858 qui
488 783 514 842 si
537 781 694 843 defunctus
718 785 782 843 erat
801 787 855 842 aut
872 801 996 862 peregre
1015 783 1199 858 versabatur,
1223 783 1300 844 alius
1318 787 1374 852 vir,
1399 804 1504 864 genere
1527 803 1567 844 so.

253 879 299 939 vel
324 881 530 940 familiaritate
553 883 713 956 proximus,
737 899 771 941 eo
794 882 915 959 negotio
938 880 1129 960 fungebatur,
1152 882 1231 940 unde
1249 885 1330 943 reete
1348 884 1395 942 lex
1414 902 1472 942 non
1492 882 1569 942 dioit

252 982 288 1060 τᾷ
312 970 447 1060 (ἑαυτοῦ)
471 975 591 1058 γυναικὶ
612 977 751 1061 τεκοῦσα,
774 979 826 1038 sed
848 979 1002 1038 indefinite
1020 983 1121 1058 λεκχοῖ
1138 980 1157 1040 i.
1172 998 1196 1038 e.
1210 997 1385 1055 puerperae.
1409 1012 1453 1022 -
1475 1001 1502 1040 v.
1525 981 1566 1039 15

253 1078 382 1152 denique
400 1075 455 1135 καῖ
467 1098 505 1134 κα
523 1075 779 1154 τιενταμαριτιύων
797 1076 870 1160 τύχῃ
889 1077 1022 1152 additum
1045 1096 1164 1151 munus,
1182 1097 1241 1154 quo
1262 1081 1388 1156 quisque
1406 1098 1460 1156 per
1478 1079 1566 1155 quin·

253 1194 309 1251 que
333 1175 395 1233 dies
418 1173 610 1252 fungebatur,
638 1175 698 1233 diei
720 1175 808 1254 longe
831 1175 894 1235 veri
922 1175 1108 1236 simillimum
1135 1168 1242 1257 est'ss),
1270 1178 1325 1236 etsi
1350 1177 1385 1236 de
1408 1178 1465 1236 tali
1488 1175 1567 1235 nihil

253 1273 382 1350 amplius
406 1275 531 1331 constat
568 1273 618 1332 Ad
639 1291 686 1332 ree
710 1291 808 1333 saoras
831 1275 952 1351 negotia
975 1273 1154 1350 pertinuisse
1176 1276 1238 1334 iam
1257 1273 1326 1334 Keil
1348 1278 1427 1335 reete
1451 1293 1487 1334 ex
1509 1274 1567 1334 hoe

252 1373 480 1447 praeceptorum
506 1389 619 1430 conexu
651 1371 786 1450 collegit,
818 1371 869 1431 sed
902 1371 940 1430 ad
969 1371 1259 1431 administrationem
1285 1375 1386 1450 potius
1414 1392 1504 1449 quam
1528 1371 1567 1432 ad

252 1471 319 1545 ipsa
342 1485 427 1527 saera
450 1468 590 1527 faciunda
612 1471 792 1544 pertinuisse
815 1471 960 1529 existimo.

341 1566 386 1626 De
415 1566 497 1624 feriis
523 1568 611 1642 ipsis,
642 1587 715 1644 quas
742 1587 777 1626 ex
801 1567 903 1628 ordine
930 1575 1098 1644 temporum
1127 1571 1294 1629 enumerari
1320 1587 1436 1628 menses
1463 1588 1498 1627 ex
1527 1570 1564 1627 iis

251 1664 398 1742 appellati
426 1656 645 1744 ostenduntffl),
678 1683 774 1741 pauoa
806 1665 917 1726 adnoto
943 1666 1030 1726 haee:
1060 1658 1194 1726 ’Λττέλλαι
1225 1667 1381 1727 sollemnia
1408 1686 1443 1726 ea
1472 1671 1567 1740 erant,

252 1763 360 1840 quibus
382 1781 437 1839 pro
460 1764 560 1837 pueris
583 1764 614 1820 in
637 1763 804 1839 phratriam
826 1763 1004 1840 recipiendis
1027 1768 1165 1840 parentes
1189 1767 1337 1839 victimas,
1361 1762 1395 1824 τὰ
1413 1762 1567 1842 imitato,

252 1859 439 1920 adducebant
449 1852 503 1942 80);
544 1861 657 1920 similia
696 1863 790 1940 igitur
831 1865 917 1920 erant
953 1862 1109 1938 Apaturiis
1145 1862 1270 1936 Atticis,
1310 1862 1445 1938 Dionyso
1481 1879 1567 1921 saera

251 1961 342 2018 fuisse
367 1961 493 2034 apparet
511 1977 526 2015 e
545 1977 572 2016 v.
588 1961 700 2035 43sqq.
724 1991 759 2000 —
781 1957 945 2037 Βουκάιια,
968 1977 1044 2036 quae
1068 1962 1138 2019 ante
1161 1960 1240 2020 diem
1262 1961 1290 2019 X
1311 1961 1421 2020 mensis
1445 1959 1566 2018 Bueatii

252 2059 319 2117 aeta
342 2073 404 2116 esse
427 2055 639 2134 Dittenberger
666 2056 732 2117 eoll.
751 2057 859 2116 lateris
882 2058 910 2115 A
932 2077 959 2116 v.
981 2058 1023 2118 20
1046 2061 1076 2116 et
1100 2059 1139 2116 41
1152 2076 1196 2134 sq.
1218 2058 1367 2134 probavit,
1391 2062 1432 2140 τῷ
1456 2054 1507 2116 Διὶ
1530 2061 1569 2139 τῷ

251 2149 372 2236 πατρῴῳ
398 2149 447 2212 καὶ
477 2149 645 2214 τώπόλλωνι
666 2154 791 2230 fiebant,
815 2157 851 2215 ef.
874 2155 902 2214 D
926 2176 953 2215 v.
973 2157 1113 2214 45-47.
1161 2155 1369 2233 comparanda
1397 2173 1460 2215 esse
1483 2157 1560 2215 Bov-

251 2252 343 2330 φόνια
366 2254 469 2312 Attica
493 2255 523 2310 et
544 2251 699 2314 Βουκόιιια
722 2252 839 2313 Rhodia
852 2246 891 2334 (I
893 2253 921 2314 G
940 2253 1029 2314 XIII
1051 2274 1079 2313 n.
1098 2247 1175 2335 λ91)
1198 2257 1291 2330 patet.
1328 2253 1443 2314 Notata
1463 2255 1563 2312 autem

250 2351 375 2431 dignum
398 2353 444 2410 est
462 2349 581 2426 Pythia,
605 2370 682 2427 quae
705 2352 807 2412 eodem
831 2369 931 2411 mense
954 2353 1059 2428 quinto
1083 2370 1202 2428 quoque
1221 2369 1299 2410 auno
1317 2350 1494 2429 agebantur,
1516 2351 1564 2410 hie

251 2468 310 2508 non
339 2450 571 2509 commemorari
596 2481 638 2489 --
665 2450 799 2528 Ηηραῖαε
832 2449 868 2509 de
899 2450 946 2510 his
975 2449 1051 2509 nihil
1078 2450 1201 2509 aliunde
1228 2449 1366 2509 traditur.
1391 2481 1433 2490 —
1464 2447 1565 2530 Δᾳδιι-

251 2546 343 2627 φὸρια
366 2547 404 2606 ad
427 2549 574 2606 nocturna
596 2547 707 2606 Baeohi
730 2549 815 2624 orgia
838 2547 905 2607 coll.
924 2547 1003 2614 Plut,
1023 2548 1059 2607 de
1081 2547 1119 2609 Is.
1139 2552 1170 2608 et
1193 2545 1241 2608 Os.
1260 2567 1288 2624 p.
1307 2547 1402 2607 364ss
1426 2545 1564 2606 Homolle

250 2644 447 2722 probabiliter
474 2637 641 2724 rettulit.³¹)
669 2677 706 2686 -
737 2644 902 2725 Ποιτρότιια
929 2645 1008 2705 idem
1034 2646 1175 2722 Neptuno
1203 2645 1324 2720 tribuit,
1356 2647 1428 2721 quia
1455 2645 1564 2704 mensis

252 2741 431 2823 Ποιτρόιτιος
455 2742 638 2819 Delphorum
663 2740 819 2804 Ποσιὸιὼν
841 2745 1068 2804 Atheniensium
1092 2749 1124 2804 et
1145 2744 1249 2803 lenum
1275 2747 1328 2818 est,
1354 2742 1406 2803 sed
1429 2762 1464 2803 aa
1487 2744 1564 2802 ratio

251 2860 357 2918 parum
380 2840 467 2899 firma
490 2843 542 2900 est.
556 2872 602 2883 —
618 2841 651 2901 V.
672 2845 744 2918 deq.
766 2841 837 2902 ordo
861 2843 1015 2910 nominum
1037 2842 1181 2901 festorum
1203 2842 1415 2901 intermissor
1437 2859 1564 2917 sequun-

251 2945 360 3016 turque
393 2939 455 2999 dies
483 2939 541 2998 duo
569 2941 678 2999 mensis
706 2939 791 3016 Bysii
818 2941 949 3000 numeris
977 2938 1101 3015 definiti,
1134 2939 1242 3015 quibus
1270 2941 1371 2998 tamen
1398 2941 1472 2998 item
1503 2939 1563 2997 dies

251 3039 343 3097 festos
367 3038 459 3096 latere
483 3037 755 3097 verisimillimum
779 3039 831 3096 est.
878 3039 922 3096 Ao
945 3039 1089 3114 septimus
1113 3037 1233 3112 quidem
1257 3037 1369 3097 Bvolou
1393 3037 1456 3096 dies
1480 3039 1564 3096 nata·

250 3136 289 3194 lis
304 3134 454 3211 Apollinis
472 3134 638 3194 habebatur
654 3127 746 3216 (Plut.
762 3133 816 3204 Qu.
832 3133 880 3194 Gr.
897 3137 915 3195 9
935 3156 963 3213 p.
980 3129 1096 3215 292F).
1132 3135 1195 3194 Iam
1215 3154 1285 3195 voro
1304 3136 1340 3194 A.
1353 3125 1562 3212 Mommsen⁸³l

252 3233 354 3293 eodem
378 3233 425 3291 die
452 3231 605 3310 Θεοφάνια
624 3226 746 3312 (Herod.
764 3232 780 3290 Ι
800 3225 856 3314 51)
881 3238 948 3294 acta
971 3251 1034 3294 esse
1056 3235 1117 3292 iam
1136 3233 1251 3311 pridem
1270 3235 1406 3306 oonieoit,
1429 3235 1478 3292 eui
1497 3250 1563 3292 oon·

251 3333 382 3391 ieeturae
405 3333 479 3392 satis
502 3331 651 3407 probabili
673 3332 722 3391 hio
744 3331 851 3392 titulus
870 3332 988 3391 ridetur
1007 3350 1181 3408 repugnare,
1204 3332 1275 3407 quia
1294 3333 1321 3390 si
1338 3333 1424 3388 amnt
1442 3329 1491 3389 die
1505 3329 1563 3388 VH

250 3429 334 3488 illius
357 3431 466 3489 mensis
488 3428 651 3506 Θεοφάνια,
674 3430 728 3488 has
752 3448 870 3505 quoque
893 3430 983 3489 ferias
1007 3447 1100 3505 aeque
1120 3448 1155 3488 ao
1177 3433 1289 3488 eeteras
1308 3430 1486 3487 nominatim
1506 3427 1563 3488 diei

252 3529 462 3603 exspectamus.
510 3527 592 3596 Quae
611 3526 771 3586 difficultas
795 3527 893 3588 neseio
917 3546 956 3587 an
979 3529 1024 3586 ita
1046 3527 1224 3586 removenda
1247 3529 1295 3602 ait,
1319 3529 1353 3585 ut
1372 3526 1564 3603 Theophanis

251 3644 305 3701 per
331 3624 477 3700 triduum,
505 3625 567 3684 dies
590 3624 759 3699 VH-IX,
787 3625 965 3700 pertinuisse
992 3625 1181 3700 mediumque
1209 3627 1346 3684 ootarum
1375 3623 1505 3700 quadam
1528 3625 1562 3682 de

252 3741 342 3782 eausa
364 3724 461 3799 epulis
485 3722 669 3800 prohibitum
692 3715 802 3803 esse³³)
831 3726 1012 3798 statuamus,
1040 3743 1100 3798 qua
1127 3723 1243 3782 ratione
1270 3722 1360 3781 simul
1388 3730 1440 3794 τᾶς
1462 3720 1564 3806 irritor

323 3951 368 4015 28)
395 3946 450 4000 vid.
471 3963 543 4014 quae
562 3947 668 4016 optime
687 3947 722 4000 de
741 3963 774 4000 ea
793 3961 859 4001 voce
878 3946 1008 4016 exposuit
1027 3944 1088 4000 Keil
1108 3963 1135 4015 p.
1151 3951 1217 4014 ⁶113
1234 3944 1312 4000 Dttb.
1328 3947 1395 4014 apte
1414 3960 1559 4014 eompara-

251 4027 292 4080 vit
311 4042 326 4080 e
344 4025 428 4097 Syn!
446 4031 497 4080 510
515 4045 541 4080 v.
557 4033 572 4080 9
592 4025 735 4095 διαιρετὰς
752 4035 807 4081 τῶν
825 4025 972 4096 κτημάτων
990 4025 1126 4096 Ephesios
1147 4023 1218 4080 καθ’
1241 4023 1359 4095 ἑκάστην
1377 4025 1560 4094 rumperes

251 4106 342 4160 denuo
363 4107 506 4162 creandos.

323 4188 368 4254 29)
391 4185 444 4240 hoo
463 4187 538 4241 enim
552 4187 649 4241 ordine
663 4203 772 4242 menses
786 4185 959 4256 Delphorum
973 4201 1002 4241 se
1016 4186 1207 4255 excipiebant:
1228 4192 1251 4240 1.
1266 4183 1426 4252 Ἀπελλαῖος,
1446 4191 1471 4240 2.
1487 4190 1557 4240 Boo-

251 4265 356 4332 κάιιος,
376 4271 399 4319 3.
420 4265 560 4332 Βοάθοος,
579 4273 603 4321 4.
620 4265 744 4335 Ἡραλος,
763 4273 787 4322 b.
807 4264 1002 4342 Δᾳδοφόριος,
1024 4271 1047 4320 t.
1067 4266 1252 4334 Ποιτρόπιος,
1272 4271 1295 4319 7.
1310 4261 1443 4334 Ἅμάλιος,
1462 4271 1486 4320 8.
1507 4265 1561 4320 Βύ-

253 4362 320 4412 σιος,
339 4351 363 4399 9,
386 4345 541 4416 (irriderer,
562 4352 602 4401 10.
620 4343 895 4416 Ἐνιλαστιοιτρότιιος,
916 4353 957 4401 11.
972 4344 1145 4414 Ἡρακλελος,
1165 4351 1206 4400 12.
1223 4342 1329 4409 Ἰλαλος.

324 4429 368 4496 30)
397 4428 508 4481 constat
525 4427 618 4497 priore
636 4427 741 4497 lapidis
759 4429 852 4497 parte,
872 4426 907 4482 cf.
927 4442 950 4481 e.
961 4445 987 4498 g.
1003 4427 1070 4480 A31
1089 4425 1125 4482 τὰ
1139 4427 1170 4482 δὲ
1184 4427 1320 4481 duanam
1334 4423 1403 4496 fiper
1419 4421 1557 4487 Ἀτέλλιιις

253 4505 300 4558 καλ
319 4505 386 4573 μήτε
405 4505 486 4561 ἄλλαι
505 4507 606 4577 ἁμέραι
624 4510 680 4562 κτλ.

324 4587 367 4655 31)
396 4588 519 4642 aeterum
538 4589 641 4642 mensis
660 4603 760 4643 nomen
780 4587 964 4657 iampridem
983 4587 1082 4642 eodem
1100 4585 1247 4642 rettulerat
1265 4585 1401 4640 Thieraoh
1419 4587 1556 4642 Abtandl.

252 4663 278 4717 d.
295 4663 395 4733 Bayer.
411 4667 462 4720 Ab.
485 4671 553 4722 1840
572 4685 598 4736 p.
615 4673 656 4722 63.

324 4747 369 4812 32)
397 4744 535 4816 Delphica
552 4765 579 4816 p.
595 4751 693 4817 280sq.

323 4826 367 4892 33)
395 4826 489 4881 neseio
504 4842 540 4880 an
555 4827 673 4882 conferri
688 4829 797 4898 possint
811 4828 982 4897 Hyacinthia
996 4827 1142 4891 Laconica,
1162 4841 1280 4894 quorum
1294 4825 1401 4895 primus
1416 4829 1445 4880 et
1460 4825 1556 4881 tertius

253 4903 313 4956 dias
331 4902 418 4971 luctu,
437 4905 546 4960 medius
564 4906 710 4962 hilaritate
728 4909 847 4979 insignis
866 4911 927 4962 erat
946 4907 1056 4976 (Athen.
1071 4907 1110 4962 IV
1125 4905 1268 4976 lead-f).
