3450 5458
712 304 870 364 ATTIOAE
890 327 916 363 ιι.
931 311 965 363 ss
1429 309 1489 377 131

178 477 236 557 τὴν
252 477 382 539 σύνοδον
400 476 449 539 ἐπὶ
467 476 502 538 τὰ
520 485 572 540 rosi
591 477 701 560 πατρὸς
719 477 897 560 ὑπάρχοντα,
917 497 976 556 quo
995 479 1060 538 loco
1079 479 1151 556 quia
1169 484 1237 556 post
1255 483 1382 540 mortem
1395 483 1491 557 patris

178 577 362 655 Agathocles
385 578 448 653 ipsc
472 577 608 637 sacerdos
631 578 728 636 factus
752 581 806 652 est,
829 597 888 637 non
906 575 965 636 dici
984 577 1182 637 sacerdotium
1201 577 1251 637 sed
1269 580 1301 636 in
1320 581 1492 639 universum

178 676 247 735 iura
270 675 415 736 sodalicia
436 677 532 752 patris
556 679 671 735 certum
695 679 748 735 est.
794 676 859 735 lam
882 695 952 735 vero
977 695 1034 752 quo
1058 675 1149 735 verbs
1172 676 1226 735 illa
1248 673 1314 756 περὶ
1337 666 1380 736 ὧν
1402 675 1452 736 sul
1475 675 1513 738 δ’

181 773 273 852 νόμος
295 781 354 835 τῶν
377 769 531 854 ὀργεώνων
559 777 646 834 καλεῖ
669 778 728 834 κτλ.
752 777 899 851 spectent,
927 777 990 852 ipse
1019 775 1131 835 decreti
1158 778 1262 834 auctor
1288 774 1402 834 indicat
1425 794 1492 834 eum

179 871 265 931 addit
286 869 391 940 καθὼς
413 869 464 932 καὶ
486 866 707 953 προεισ[ῆ]κται
729 869 777 932 ἐπὶ
795 870 850 949 τὴν
873 872 972 954 χώραν
993 869 1142 949 τάδελφοῦ
1160 871 1365 952 Καλλικράτου
1385 873 1493 945 ζῶντος

178 978 233 1030 rori
255 969 365 1051 πατρός
389 971 557 1047 exemplum
579 970 719 1031 videlicet
741 971 866 1030 afferens
885 988 997 1046 eorum,
1020 990 1097 1047 quae
1119 991 1154 1030 ex
1172 971 1227 1030 illa
1245 972 1311 1049 lege
1331 989 1492 1049 crgecnum

178 1068 245 1128 fieri
272 1071 416 1144 oporteat.
463 1069 543 1147 llrgo
569 1088 607 1128 ne
634 1069 681 1128 bis
709 1069 828 1146 quidem
852 1068 950 1128 serbis
974 1069 1009 1128 de
1033 1067 1198 1130 sacerdotio
1226 1069 1417 1142 hereditario,
1441 1068 1492 1128 sed

180 1166 217 1225 de
244 1167 336 1225 fratre
364 1167 466 1226 fratris
493 1167 559 1226 loco
587 1169 619 1225 in
642 1167 800 1246 collegium
828 1167 999 1244 recipiendo
1028 1159 1189 1249 agitur¹⁰),
1217 1170 1247 1227 et
1269 1186 1341 1227 voce
1368 1165 1493 1227 illatori

178 1263 236 1343 τήν
273 1264 370 1344 χώραν
407 1265 526 1342 proprie
563 1266 601 1325 ad
638 1265 741 1325 album
777 1265 912 1325 sodalicii
949 1266 1116 1344 pertinente
1152 1284 1199 1326 res
1231 1268 1299 1342 ipsa
1335 1268 1368 1326 ni
1404 1266 1494 1325 fallor

179 1361 363 1422 declaratur:
394 1363 607 1438 Dionysiastae
634 1367 669 1422 ut
698 1367 784 1424 erant
810 1367 889 1424 cives
921 1364 1038 1424 honesti
1066 1367 1120 1424 aut
1148 1363 1276 1438 nobiles,
1308 1364 1354 1424 ita
1380 1368 1493 1424 certum

179 1461 365 1521 solummodo
385 1479 420 1521 ac
439 1461 594 1522 delinitum
613 1481 772 1522 numerum
790 1481 953 1540 crgecnum
972 1463 1125 1522 admisisse
1144 1463 1294 1538 videntur,
1312 1465 1357 1522 ita
1375 1465 1410 1522 ut
1427 1466 1494 1522 tum

180 1559 299 1619 demum
327 1580 396 1620 curn
419 1561 486 1636 quis
510 1579 526 1619 e
550 1560 702 1620 sodalibus
729 1563 865 1621 mortuus
892 1563 970 1636 erat,
1001 1579 1096 1622 nesus
1119 1561 1230 1621 sodalis
1252 1563 1285 1620 in
1308 1562 1371 1621 eius
1394 1562 1494 1621 locum

180 1650 244 1740 (ἐπὶ
263 1655 317 1736 τὴν
340 1651 451 1741 χώραν)
476 1659 646 1718 succederet
670 1661 793 1736 eiusque
816 1659 881 1720 loco
904 1661 936 1718 in
960 1660 1028 1720 albo
1051 1658 1263 1719 inscriberetur
1285 1678 1321 1719 ac
1344 1653 1493 1738 ‘orpheos'

181 1757 302 1832 quidem
325 1752 341 1815 d
364 1755 562 1836 πρεσβύτατος
585 1765 644 1818 τῶν
666 1757 742 1818 υἱῶν
765 1756 790 1817 si
814 1759 880 1817 erat
902 1760 932 1817 et
954 1756 1083 1817 volebat.
1120 1757 1259 1835 Dionysii
1278 1761 1375 1817 autem
1396 1757 1493 1816 Mare·

180 1855 279 1914 thonii
306 1855 440 1916 familiae
468 1855 563 1916 nobili
589 1874 658 1914 curn
684 1856 743 1916 loci
771 1855 903 1916 concessi
929 1858 1029 1916 assent
1055 1856 1128 1933 duo,
1156 1857 1284 1916 alterum
1310 1857 1411 1916 locum
1433 1855 1493 1914 iarn

180 1955 250 2014 sivo
278 1956 364 2029 patre
388 1973 407 2011 a
429 1952 491 2012 tilio
519 1956 595 2013 natu
622 1955 751 2013 maximo
780 1953 908 2014 obtineri
936 1973 1119 2030 consequens
1143 1958 1215 2014 erat.
1239 1953 1312 2013 ·Sic
1339 1954 1411 2014 olim
1434 1974 1494 2014 una

181 2070 250 2110 eum
272 2051 418 2128 Dionysio
441 2054 526 2127 patre
549 2051 731 2129 Callicrates,
755 2052 808 2129 qui
831 2054 946 2132 origine
969 2052 1168 2132 πρεσβύτατος
1191 2061 1250 2112 τῶν
1272 2050 1335 2113 ὑῶν
1359 2055 1435 2128 erat,
1462 2053 1494 2111 in

181 2149 308 2226 collegio
331 2153 396 2208 crat
420 2142 462 2231 (v.
482 2142 548 2230 33).
595 2148 658 2220 Quo
681 2154 870 2227 praemature
900 2154 1019 2210 mortuo
1042 2151 1233 2230 Agathocles,
1256 2153 1310 2228 qui
1331 2152 1496 2210 natuerat

180 2249 343 2325 proximus,
365 2249 499 2327 legitime
522 2250 553 2308 in
578 2251 641 2308 eiua
664 2249 765 2310 locum
786 2251 935 2310 successit.
973 2251 1074 2326 Atque
1096 2252 1140 2309 ita
1163 2269 1210 2310 res
1234 2253 1300 2310 erat
1317 2268 1383 2309 cum
1404 2249 1494 2308 later·

182 2347 268 2406 culus
285 2347 338 2406 ille
360 2349 524 2423 nominum,
543 2366 632 2424 quem
650 2367 741 2425 supra
760 2351 996 2424 commemoravi,
1018 2349 1181 2426 inscriptus
1200 2351 1253 2409 est.
1290 2346 1404 2406 Deinde
1423 2366 1493 2407 vero

181 2446 247 2521 ipso
270 2445 415 2521 Dionysio
441 2449 526 2522 patre
550 2446 705 2521 defuncto,
732 2445 914 2525 Agathocles
941 2447 1029 2506 huius
1056 2446 1156 2506 locum
1185 2445 1328 2521 obtinuit,
1358 2446 1389 2504 in
1412 2446 1493 2523 Aga·

182 2543 290 2604 thoclis
313 2542 412 2603 locum
435 2545 488 2619 qui
509 2543 643 2604 familiae
666 2543 806 2620 Dionysii
834 2546 960 2604 vacabat
989 2536 1072 2626 (inde
1086 2541 1148 2614 ,ἐπὶ
1170 2541 1206 2603 τὰ
1228 2551 1280 2604 τοῦ
1303 2543 1413 2624 πατρός
1437 2541 1493 2603 ὑπ-

181 2633 323 2722 άρχοντα)
346 2644 487 2702 successit
510 2641 673 2718 Dionysius
696 2643 803 2718 minor,
828 2643 1003 2721 Agathoclis
1027 2643 1128 2702 irater.

271 2739 441 2817 Utcumque
460 2742 561 2800 autem
579 2741 651 2800 haec
669 2759 716 2800 res
735 2760 765 2802 se
784 2741 883 2816 habet,
902 2742 995 2801 fuisse
1013 2741 1228 2801 hereditarium
1246 2740 1445 2801 sacerdotium
1459 2761 1494 2799 er

181 2838 238 2898 hoc
259 2838 325 2898 loco
349 2838 451 2916 colligi
468 2840 581 2916 nequit,
605 2842 708 2898 contra
727 2857 787 2898 non
807 2841 898 2900 fuisse
917 2839 986 2898 inde
1005 2839 1205 2914 confirmatur,
1224 2839 1305 2916 quod
1323 2857 1417 2914 nsque
1441 2840 1493 2898 illo

183 2936 278 2996 altero
293 2935 410 2996 decreto
425 2937 592 3012 honorario,
606 2937 661 2997 nbi
673 2937 710 2997 de
725 2937 890 2998 sacerdotio
905 2940 986 3015 patri
1000 2936 1099 2998 delato
1113 2939 1249 3013 refertur,
1259 2955 1297 2996 ne
1314 2937 1411 2998 obiter
1429 2939 1493 3012 qui-

182 3034 251 3093 dem
273 3035 347 3094 iuris
370 3035 545 3093 hereditarii
563 3037 676 3096 mentio
695 3035 738 3110 lit,
757 3055 833 3112 quae
852 3039 953 3096 tamen
972 3038 1037 3113 ipso
1057 3053 1169 3096 conexu
1189 3038 1294 3112 sponte
1312 3037 1374 3094 fere
1393 3035 1494 3094 offere-

180 3131 279 3192 batur.
325 3133 368 3191 At
391 3150 450 3209 quo
472 3133 547 3191 haec
570 3128 694 3193 omnis?
735 3133 829 3194 Totne
852 3133 950 3194 verbis
974 3134 1066 3212 digna
1087 3153 1135 3194 res
1159 3131 1223 3194 est?
1259 3133 1410 3193 Nimirum
1433 3153 1494 3194 non

180 3230 214 3290 id
241 3230 338 3290 solum
364 3231 473 3309 agitur,
501 3231 536 3290 ut
563 3229 767 3291 condicionem
793 3231 954 3292 sacerdotii
975 3231 1163 3309 Agathoclis,
1194 3251 1258 3291 rem
1285 3250 1356 3293 sane
1382 3251 1436 3309 per
1463 3251 1494 3291 se

180 3329 279 3405 ipsam
302 3329 406 3402 levem,
430 3329 599 3389 accuratius
622 3328 798 3390 definiamus
822 3332 876 3390 aut
897 3331 1176 3408 interpretationem
1198 3349 1337 3391 versuum
1362 3331 1493 3390 29-34

181 3425 337 3486 difficilem
368 3426 574 3503 expediamus,
606 3427 657 3488 sed
689 3447 736 3489 res
764 3427 855 3489 altius
886 3430 1024 3505 pertinet
1074 3427 1266 3488 Hereditaria
1293 3429 1372 3488 enim
1401 3445 1493 3488 sacen

181 3524 267 3585 dotia
293 3524 354 3584 illis
383 3529 462 3586 carte
488 3525 673 3602 temporibus
701 3526 781 3604 apud
811 3529 910 3587 cetera
936 3526 1081 3586 scdslicia
1108 3526 1246 3586 inaudita
1273 3530 1359 3586 erant
1385 3529 1416 3586 et
1442 3526 1494 3585 sb-

181 3623 306 3683 horrent
333 3620 370 3680 ab
397 3623 449 3696 iis,
479 3642 555 3699 quae
588 3623 624 3682 da
655 3624 803 3684 institutis
831 3624 1022 3700 moribusque
1050 3643 1152 3684 eorum
1184 3627 1355 3700 ceteroquin
1387 3643 1493 3701 cogno·

182 3722 289 3780 vimus.
326 3720 433 3780 Mirum
456 3723 551 3799 igitur
574 3723 777 3799 exceptionem
800 3724 847 3782 illi
869 3725 1014 3783 statuunt.
1052 3721 1164 3782 Contra
1187 3725 1213 3782 si
1234 3726 1385 3801 egerente
1404 3740 1494 3798 supra

189 3861 268 3868 ---—-
273 3861 397 3869 ’.η---

257 3947 300 4014 10)
327 3945 382 4000 hoc
405 3945 520 4015 quidem
543 3945 664 4001 Kochler
694 3947 798 4001 rectius
821 3961 906 4016 quam
930 3945 1022 4013 Dttb.,
1051 3947 1100 4000 sed
1123 3945 1199 4000 idem
1222 3963 1286 4000 oum
1308 3945 1344 4000 de
1368 3944 1494 3999 subiecto

182 4025 324 4082 enuntiati
343 4027 458 4094 sumet,
479 4027 513 4080 de
532 4027 658 4095 personis
677 4042 732 4080 non
752 4029 827 4082 recto
846 4026 990 4080 iudicavit.
1027 4027 1112 4081 Ratio
1131 4043 1198 4080 sane
1217 4027 1410 4097 grammatica,
1430 4043 1494 4080 cnm

182 4109 269 4160 antea
287 4106 323 4160 de
341 4122 397 4160 nno
412 4105 547 4175 Dionysio
567 4109 649 4177 patre
667 4123 757 4162 sermo
776 4107 862 4161 fuerit
881 4123 913 4162 ae
932 4123 968 4162 ne
986 4107 1109 4161 nominis
1127 4107 1242 4175 quidem
1256 4106 1423 4178 Agathoclis
1442 4105 1494 4159 filii

181 4187 290 4241 mentio
313 4185 392 4240 facta
414 4187 464 4252 sit,
490 4187 609 4242 suadere
627 4187 738 4241 videtur
760 4191 793 4242 ut
816 4204 879 4241 oum
898 4187 1035 4242 Kochlero
1055 4187 1222 4257 Dionysium
1240 4187 1398 4242 subiectum
1417 4187 1494 4241 verbi

181 4273 365 4335 προεισῆκται
383 4267 548 4321 habeamus.
578 4269 711 4322 Attamen
729 4284 785 4321 non
803 4269 886 4322 modo
906 4267 972 4322 inde
986 4268 1019 4322 K.
1035 4268 1147 4339 cogitur
1164 4268 1248 4322 verba
1268 4268 1313 4323 ἐπὶ
1331 4266 1382 4337 τὴν
1400 4268 1494 4339 χώραν

181 4347 325 4416 τάδελφοῦ
349 4346 536 4402 audacissime
559 4348 602 4402 ito
624 4348 805 4417 interpretari
834 4347 878 4401 ‘in
902 4364 967 4403 eum
989 4347 1082 4403 locum
1106 4365 1190 4418 quem
1212 4350 1312 4418 postea
1331 4345 1494 4403 Callicrates

182 4428 272 4482 frater
290 4429 360 4482 natu
378 4427 470 4481 minor
489 4427 628 4498 (Dionysii
646 4428 747 4498 patris)
765 4430 864 4482 nactus
884 4429 941 4482 est’
967 4428 997 4483 id
1016 4429 1092 4498 qnod
1110 4427 1188 4484 nullo
1207 4429 1289 4482 modo
1313 4427 1373 4482 lieri
1391 4430 1493 4497 potest,

182 4507 234 4562 sed
257 4507 444 4578 Agathoclem
467 4507 524 4562 dici
547 4525 611 4562 cum
633 4507 719 4562 verba
746 4511 846 4574 ζῶντος
873 4517 922 4563 τοῦ
945 4507 1063 4578 πατρός,
1089 4526 1162 4578 quae
1184 4507 1335 4563 manifesto
1358 4508 1493 4577 Dionysio

182 4589 259 4659 patri
282 4590 393 4643 mortuo
416 4591 608 4659 opponuntur,
632 4592 693 4643 tum
720 4591 831 4659 tempus
855 4588 931 4643 serbi
959 4589 1115 4660 perfectum
1138 4596 1319 4658 προεισῆκται
1342 4591 1407 4659 (ιιοιι
1425 4607 1495 4658 erpo-

182 4671 318 4739 scoquo),
337 4669 412 4737 quod
431 4669 514 4724 unice
532 4669 567 4723 de
586 4669 650 4724 vivo
669 4668 761 4724 sodali
780 4669 837 4723 diei
855 4668 962 4739 potuit,
986 4671 1145 4724 ostendunt.
1182 4671 1282 4739 Itaque
1302 4687 1365 4724 curn
1384 4669 1494 4723 Ditten·

183 4751 302 4820 bergero
321 4748 507 4819 Agathoclem
526 4749 661 4820 intellego
680 4753 709 4804 ct
727 4766 778 4819 per
795 4748 1005 4820 neglegentiam
1024 4751 1167 4821 quandam
1185 4749 1320 4804 sermonis
1343 4750 1427 4816 hunc,
1446 4749 1495 4818 qui

182 4843 251 4884 voce
278 4829 404 4898 proxime
432 4829 617 4885 antecedente
644 4830 694 4886 τὸν
720 4831 911 4902 πρεσβύτατον
936 4839 990 4884 τῶν
1015 4829 1074 4884 ὑῶν
1097 4829 1180 4896 latet,
1207 4829 1291 4883 serbo
1314 4835 1494 4898 προεισῆκται

183 4908 343 4964 subiectum
362 4925 422 4964 esse
441 4927 491 4980 pro
511 4909 655 4980 explorato
674 4909 773 4964 habeo.

1245 4999 1281 5050 91
