3426 5462
673 352 828 408 urucas
847 359 906 411 u.8
1402 360 1446 424 35

134 538 204 580 aras
228 520 380 581 aediculas
403 522 539 598 sepulcra
562 521 729 599 simulacra,
754 543 831 600 quae
859 544 914 600 per
935 525 1016 584 viam
1040 543 1155 585 sacram
1178 527 1324 587 collocata
1352 533 1445 603 erant,

134 611 240 698 (Paua.
258 619 274 678 Ι
294 621 346 694 36,
361 612 475 701 3sqq.),
498 620 649 696 faciendis,
673 623 708 680 cf.
728 621 807 681 Plut
824 621 886 682 Alc.
903 623 944 681 34
964 622 1070 683 θυσίαι
1088 621 1138 683 καλ
1156 629 1267 704 χορεῖαι
1285 623 1446 686 καὶπολλὰ

133 725 195 777 τῶν
223 715 384 796 δρωμένων
409 711 482 777 καθ’
508 715 580 779 ὁδὸν
607 718 694 802 ἱερῶν
718 718 788 780 ὅταν
811 717 986 793 ἐξελαύνωσι
1009 719 1060 780 τὸν
1081 715 1207 800 Ἴακχον,
1235 716 1287 782 ὑπ’
1313 721 1446 804 ἀνάγκης

133 813 294 888 ἐξελείπετο
317 819 348 874 et
371 835 447 892 quae
469 836 497 876 n.
519 817 581 876 158
606 816 642 876 de
664 835 775 895 pompa
798 817 945 894 Didymae
968 820 1192 896 praecipiuntur
1214 841 1241 880 v.
1262 823 1400 911 θλεορ.Ι

226 943 255 983 r.
270 924 311 983 36
336 922 481 1002 διανομῆς
504 942 543 983 sc.
563 925 711 984 carnium:
734 927 770 986 cf.
789 926 813 984 I
815 925 843 986 G
862 926 892 984 Π
911 927 1007 1004 suppl.
1024 919 1104 987 597b
1123 920 1246 1010 (Michel
1267 931 1340 1004 963,
1362 923 1448 1004 Syll.¹

137 1013 218 1103 651)
241 1017 341 1099 νέμειν
369 1019 401 1082 δὲ
428 1020 521 1082 αὐτῶν
548 1019 598 1083 καὶ
625 1016 759 1102 [με]ρίὸα
786 1021 819 1104 ἔγ
847 1018 1047 1105 [fluctuetur
1070 1034 1129 1086 τῶν
1158 1025 1291 1107 μεγάλων
1317 1025 1365 1087 καλ
1389 1036 1448 1087 τῶν

134 1117 211 1198 πρὸς
226 1116 340 1200 ’Ἄγραν
362 1117 494 1199 ὅσημπερ
517 1114 748 1200 [mactandae
771 1119 904 1201 ἑκάστων,
927 1120 1029 1202 ἐπειδὴ
1057 1124 1220 1197 σπουδαῖός
1242 1123 1302 1185 ἐστι
1323 1123 1391 1205 περὶ
1412 1124 1448 1185 τὰ

133 1215 200 1298 ἱερὰ
222 1215 272 1277 καὶ
295 1216 328 1278 τὸ
350 1215 435 1298 γένος
457 1216 490 1279 τὸ
513 1213 738 1300 Εὐμο[λπιδῶν.

225 1424 255 1480 8.
274 1423 306 1478 In
324 1426 405 1478 antro
424 1425 500 1494 quod
518 1440 607 1496 propa
622 1425 690 1480 Vari
709 1427 785 1496 apud
804 1428 926 1482 veterem
945 1427 1153 1498 Anaphlystum
1167 1428 1359 1485 Archedemus
1374 1429 1448 1486 The-

132 1519 215 1558 raeus
234 1503 374 1574 Nymphis
403 1504 558 1572 dedicavit3
586 1505 701 1560 sinistra
723 1523 787 1576 pars
810 1507 889 1577 rupis
912 1507 1063 1578 inscriptae
1086 1523 1137 1579 per
1156 1508 1274 1564 duarum
1292 1510 1338 1565 rel
1359 1512 1446 1565 trium

132 1583 295 1638 litterarum
318 1583 443 1655 spatium
465 1584 608 1656 laevigata
630 1588 686 1652 ast,
710 1587 820 1656 reliqua
843 1588 1003 1657 superficies
1022 1589 1175 1644 admodum
1194 1605 1294 1660 aspera
1312 1591 1446 1661 fumoque

132 1663 250 1718 foedata
267 1663 408 1734 lectioque
427 1665 607 1734 difficillima;
625 1681 723 1736 margo
743 1667 840 1722 dexter
854 1671 929 1724 certo
945 1667 1055 1723 definiri
1069 1670 1175 1738 nequit.
1207 1670 1276 1725 Post
1290 1670 1446 1742 complures

133 1743 206 1798 alios
233 1743 311 1798 velut
338 1745 512 1800 Boeckhinm
533 1746 579 1801 01
582 1748 609 1804 G
627 1747 639 1800 I
657 1753 710 1801 456
735 1748 779 1802 ed.
800 1747 949 1804 Kirchhoff
965 1749 1079 1805 Valseni
1102 1753 1131 1804 et
1154 1750 1245 1805 Rossii
1273 1752 1446 1822 apographis

131 1841 201 1879 usus
226 1825 246 1879 Ι
249 1825 275 1881 G
293 1826 306 1879 I
324 1831 376 1880 431
401 1829 438 1894 et,
461 1829 611 1898 postquam
635 1826 726 1882 denuo
750 1828 961 1898 inscriptionem
985 1829 1105 1884 contulit
1123 1829 1309 1886 Milchhoefer
1327 1819 1447 1901 (Kartca

130 1923 187 1960 aon
197 1906 295 1962 Attalea
304 1905 410 1962 III-Vl
418 1925 445 1977 p.
456 1913 488 1962 16
498 1903 576 1978 not),
587 1909 607 1963 Ι
610 1908 637 1962 G
649 1907 764 1978 Isuppl.
774 1926 801 1978 p.
811 1913 870 1964 156.
890 1908 1056 1980 Nuperrime
1065 1910 1219 1980 imaginem
1229 1911 1447 1981 diligentissime

132 1984 307 2040 delineatam
325 1987 415 2043 edidit
433 1988 564 2042 Dnnham
579 1990 669 2043 Amer.
684 1989 784 2045 Journ.
799 1991 833 2058 of
843 1991 924 2046 Aret.
934 1989 987 2045 VII
1002 1995 1070 2044 1908
1084 2009 1112 2061 p.
1123 1995 1175 2045 296
1193 2009 1221 2046 n.
1234 1995 1276 2045 16.
1310 1991 1350 2047 Cf.
1365 2007 1445 2062 prae-

131 2069 212 2120 terea
231 2083 285 2121 von
298 2066 710 2124 Wilamowitz·Moellendorff
725 2071 860 2126 Deatscha
879 2071 1133 2142 Literatarrciluag
1152 2075 1222 2126 1904
1240 2089 1267 2142 p.
1282 2077 1382 2142 dllsq.

774 2269 797 2287 ·.·.
806 2267 860 2284 .,,..,,
913 2260 928 2278 ’κ

781 2275 933 2310 ²
990 2269 1155 2356 τᾶν[τ]ερ’
1180 2271 1231 2350 ἔχ-

383 2349 697 2474 ξΟΚΙΝΤΕ
753 2331 938 2506 ns?
991 2379 1192 2506 0),ka

383 2500 563 2594 κΑΙ-ρ·
602 2512 703 2615 ΟΝ
750 2524 856 2617 ΟΜ
990 2484 1200 2549 καιτονόν·

361 2645 535 2734 ΘΟΝ
576 2656 659 2761 Nl
677 2643 818 2743 ΤΕΓ
816 2651 848 2738 f

991 2598 1051 2658 θον
1060 2642 1178 2654 ......

222 2818 264 2874 Ex
283 2819 327 2886 iis,
351 2818 478 2887 quaeda
501 2819 594 2896 specie
613 2817 806 2888 inscriptionis
825 2819 1000 2890 singulisque
1019 2819 1121 2876 litteris
1141 2819 1350 2874 accuratissime
1368 2819 1445 2874 Dun-

129 2901 198 2954 ham
223 2899 365 2969 exposuit,
389 2897 557 2968 gravissima
575 2915 668 2970 pauca
686 2897 781 2966 affero,
802 2901 967 2970 praesertim
987 2917 1051 2954 cnm
1074 2900 1207 2970 imaginis
1227 2899 1383 2969 exemplum
1402 2917 1444 2955 re-

129 2980 287 3050 petendum
307 2980 469 3034 curaverim.
502 2997 526 3034 v.
544 2986 558 3033 1
573 2978 611 3034 in.
626 2979 755 3033 naturale
774 2979 869 3050 potius
889 2997 986 3034 aarum
1005 2997 1089 3049 quam
1111 2979 1223 3034 litterae
1240 2983 1338 3034 nolam
1355 2980 1444 3033 videri

130 3059 270 3128 affirmat,
291 3059 367 3128 quod
385 3060 466 3113 addit
486 3059 546 3114 ‘bal
562 3060 599 3114 ils
614 3061 738 3129 position
756 3061 896 3131 relatively
914 3067 942 3115 to
960 3062 1002 3115 the
1022 3061 1038 3112 i
1057 3061 1092 3127 of
1104 3061 1148 3114 the
1165 3061 1263 3115 second
1281 3061 1336 3115 lina
1354 3061 1445 3114 would

129 3159 219 3211 argue
236 3141 282 3208 scr
299 3142 335 3196 ita
353 3141 444 3196 literal
462 3140 573 3195 aclarc'
592 3141 703 3194 ratione
722 3142 799 3194 caret
817 3139 982 3196 sufficiente.
1010 3140 1135 3195 Litterae
1150 3143 1170 3190 Ν
1189 3157 1274 3208 quam
1293 3139 1361 3195 olim
1379 3143 1445 3210 post

130 3226 151 3274 Α
174 3221 322 3292 legebant,
341 3219 374 3272 D.
393 3219 514 3290 vestigia
532 3235 588 3274 non
606 3220 664 3274 iam
683 3219 754 3290 legit
773 3222 863 3287 certem
888 3220 1044 3291 ‘following
1062 3222 1116 3276 llic
1134 3222 1158 3276 is
1176 3237 1251 3276 soom
1268 3221 1314 3288 for
1332 3221 1445 3276 attollar

130 3303 217 3369 letter,
234 3302 322 3358 which
335 3318 400 3371 may
418 3303 486 3356 hacc
503 3301 571 3356 read
581 3303 605 3354 Τ
617 3305 659 3368 (co
674 3301 697 3356 0
702 3303 724 3356 I
725 3302 753 3356 A
768 3301 784 3355 l.
795 3305 830 3368 c.)
846 3301 961 3356 batillis
978 3306 1021 3355 loo
1035 3302 1060 3354 is
1074 3318 1134 3356 acco
1148 3301 1284 3371 illegible?
1310 3305 1329 3354 Χ
1343 3299 1445 3355 ultima

130 3385 176 3438 est
194 3399 289 3436 versus
313 3380 422 3450 littera,
446 3397 544 3435 cavum
562 3381 720 3451 proximum
744 3381 846 3435 natura
868 3383 960 3435 ortum
982 3379 1141 3434 litterarum
1160 3380 1287 3451 vestigiis
1306 3382 1390 3435 caret.
1409 3411 1444 3421 ——

129 3481 154 3519 v.
172 3469 190 3516 a
208 3479 259 3532 pro
274 3463 299 3515 Τ
315 3461 402 3516 etiam
417 3463 440 3516 1
454 3460 513 3531 legi
530 3462 633 3531 potest.
648 3493 683 3501 -
698 3460 800 3516 deiude
818 3463 884 3530 post
902 3463 922 3515 Ε
937 3477 953 3516 e
966 3477 1036 3530 rupe
1054 3477 1125 3530 ruga
1138 3461 1241 3531 prodit,
1257 3477 1330 3529 quae
1343 3461 1373 3514 in
1387 3478 1411 3516 v.
1428 3467 1444 3512 3

128 3543 269 3614 pertinet,
288 3542 398 3597 litteras
417 3558 435 3596 a
453 3542 552 3596 dextra
571 3541 632 3595 eius
650 3542 801 3612 inscriptas
820 3557 916 3596 omnes
934 3541 1086 3612 praecipue
1104 3541 1237 3596 obscuras
1256 3555 1318 3595 esse
1336 3545 1443 3596 monet:

130 3623 261 3677 ‘natural
278 3623 336 3676 aad
353 3623 486 3690 unificial
503 3623 644 3693 rrrarla'apa
662 3640 709 3677 are
727 3621 846 3694 scarcely
864 3622 1111 3692 chamaeacte!
1132 3653 1167 3662 -
1186 3628 1241 3675 ut
1262 3625 1319 3676 tres
1337 3621 1443 3691 primas

129 3703 252 3770 litteras,
271 3701 427 3772 dequibus
447 3719 510 3756 cum
528 3701 644 3756 Milchh.
661 3703 812 3770 consentit,
832 3704 921 3756 certas
941 3702 1028 3756 ducit.

222 3860 297 3922 (lum
320 3863 455 3938 priorum
478 3861 626 3922 editorum
645 3863 827 3941 apographis
845 3861 921 3922 nihil
944 3862 1011 3921 elici
1028 3866 1138 3938 posset,
1161 3861 1324 3938 pleniorem
1346 3865 1377 3922 et
1395 3881 1442 3921 ac·

129 3963 313 4022 curatiorem
332 3961 498 4036 lectionem,
521 3980 612 4037 quam
629 3963 743 4039 insigni
765 3961 940 4038 diligentiae
959 3961 1082 4021 editoris
1100 3959 1272 4019 Americrmi
1293 3960 1443 4035 debemus,

130 4062 190 4120 etsi
212 4059 261 4118 hic
283 4061 347 4136 ipse
370 4061 516 4118 intactam
543 4059 720 4135 reliquerat,
742 4058 943 4120 Wilarucwitz
966 4064 1067 4119 tamen
1090 4063 1169 4118 corto
1193 4061 1329 4119 acumine
1351 4061 1442 4118 inter-

129 4159 269 4236 pretatus
288 4160 333 4218 est
351 4160 408 4217 ita:
430 4148 542 4237 τᾶντερ’
559 4155 606 4231 iic
625 4155 728 4230 κλύζεν
746 4154 796 4217 καὶ
814 4155 866 4218 τὸν
885 4154 981 4217 ὄνθον
1000 4153 1035 4236 μὲ
1042 4151 1068 4238 1)
1086 4163 1167 4236 τερέν
1185 4157 1204 4216 i.
1214 4176 1238 4216 e.
1255 4152 1312 4217 ‘clla
1330 4158 1443 4216 Dc'irme

129 4259 277 4317 dracasen
295 4257 398 4330 spelm
415 4257 479 4316 ared
496 4256 553 4315 dea
569 4257 644 4316 Mass
661 4257 740 4316 alell
757 4257 836 4316 droa
853 4251 972 4331 lassca’,
991 4275 1067 4332 quae
1085 4257 1187 4314 omnia
1205 4258 1287 4314 certa
1304 4253 1443 4315 videntur

129 4359 250 4432 praeter
264 4358 427 4414 extremum
442 4351 477 4432 μὲ
491 4359 582 4434 τερέν,
596 4353 675 4432 quod
689 4373 785 4430 neque
800 4372 867 4413 cum
881 4353 1015 4432 vestigiis
1030 4353 1198 4412 litterarum
1217 4356 1290 4414 satis
1306 4355 1444 4412 convenit

128 4473 185 4514 nec
207 4455 388 4514 sententiam
411 4451 598 4513 dubitatione
622 4471 744 4529 prorsus
767 4452 894 4512 liberam
917 4451 1016 4512 efficit.
1062 4451 1165 4511 Potest
1193 4453 1272 4510 onim
1295 4453 1326 4509 ni
1353 4451 1443 4511 fallor

129 4553 222 4612 etiam
246 4551 371 4612 verbum
392 4553 496 4628 latere,
520 4569 580 4627 quo
603 4551 812 4626 saanfioantes,
836 4570 872 4609 ne
896 4551 1094 4628 nympharum
1117 4551 1236 4609 antrum
1257 4552 1287 4609 et
1307 4551 1443 4626 proxima

129 4653 196 4712 loca
218 4653 457 4727 inquinarentur,
479 4647 531 4710 τὸν
555 4645 650 4710 ὄνθον
672 4649 778 4708 tollere
802 4653 833 4708 et
853 4667 1005 4709 removere
1027 4647 1214 4709 iubebantur.

221 4877 248 4945 1)
270 4873 347 4945 quod
371 4875 505 4930 Dcatsctc
524 4871 725 4930 Litcrclarzeit.
745 4892 772 4943 p.
788 4878 840 4929 ata
863 4873 968 4946 legitur
990 4873 1039 4929 τὸν
1063 4870 1154 4928 ὄνθον
1177 4875 1266 4942 τερέν,
1290 4869 1441 4925 manifesto

129 4955 304 5030 typographi
323 4955 410 5011 errori
428 4955 552 5010 debetur.

1193 5047 1209 5096 8
1215 5041 1228 5071 U
