3424 5462
263 320 328 384 194
782 318 897 374 LEGES
917 317 1056 374 SAORAE

263 508 331 548 nem
364 488 520 548 enuntiato
553 487 719 548 subiectum
751 507 814 548 esse
846 481 1069 568 statuamus.¹⁷)
1121 487 1241 547 Etenim
1272 487 1357 549 festis
1385 489 1446 550 illis
1474 489 1580 550 diebus

263 579 554 668 rpruuvuydporogffl)
582 586 744 665 Tegeatae,
775 586 834 646 nisi
862 587 996 647 homines
1024 587 1159 646 consulto
1187 587 1345 664 prohibere
1373 588 1527 664 volebant,
1562 608 1581 648 a

262 685 455 745 multitudine
478 684 701 759 celebrantium,
725 703 801 762 quae
824 685 956 760 undique
979 686 1085 744 Aleam
1109 688 1295 759 convenerat,
1327 688 1505 762 scripturam
1529 707 1581 746 ex-

262 786 343 863 igere
366 802 425 843 non
449 785 621 861 potuerunt.
658 782 765 859 Itaque
788 785 932 843 maiorem
954 786 1072 859 partem
1095 785 1160 863 agri
1179 783 1272 843 Aleae
1296 784 1432 844 omnihus
1451 785 1581 844 liberam

263 884 481 957 concesserunt,
512 881 607 957 ipsius
635 900 706 940 vero
732 882 838 958 templi
865 883 987 958 fanique
1017 901 1116 942 aream
1145 882 1280 958 peribolo
1304 885 1440 959 saeptam
1463 876 1510 965 (ἰν
1532 888 1584 944 τοι·

262 972 432 1060 περιχώροι)
451 997 510 1038 non
529 979 589 1040 nisi
607 980 645 1038 iis
664 979 871 1056 permiserunt,
894 981 947 1056 qui
967 979 1083 1046 aditum
1101 983 1250 1057 scriptura
1267 981 1409 1042 solvenda
1427 983 1580 1054 emissent,

262 1080 297 1138 ut
319 1078 392 1136 haec
415 1080 570 1153 tamquam
594 1079 657 1136 eius
681 1078 823 1154 pecuniae
846 1080 911 1138 vice
934 1079 1116 1156 fungeretur,
1145 1097 1235 1154 quarn
1259 1097 1312 1139 nos
1335 1097 1477 1138 vocamus
1501 1081 1580 1140 Ein-

262 1175 410 1251 trittsqetd,
434 1175 551 1235 Ενίνέν.
598 1167 644 1234 Of.
664 1177 754 1234 etiam
777 1175 910 1253 Xenoph.
930 1176 1015 1236 anab.
1034 1177 1063 1233 V
1083 1177 1174 1251 3,11.

352 1280 371 1359 ξ
391 1283 411 1341 4
435 1302 451 1341 e
475 1282 626 1341 communi
648 1283 710 1342 fere
734 1281 914 1342 Graecorum
936 1303 1018 1342 more
1026 1276 1063 1360 19)
1090 1302 1197 1360 pecora
1220 1285 1341 1360 privata
1361 1287 1479 1344 eterra
1503 1285 1579 1344 deae

262 1400 348 1441 sacra
374 1380 570 1457 prohibentur
597 1383 729 1457 excepto,
756 1383 791 1439 ut
817 1399 873 1458 par
900 1385 954 1458 est,
982 1384 1008 1441 si
1032 1381 1098 1458 quis
1126 1385 1189 1442 sive
1212 1383 1287 1441 civis
1315 1383 1378 1442 sive
1402 1384 1578 1461 peregrinus

262 1478 460 1539 sacrificatum
483 1478 590 1538 Aleum
616 1478 768 1555 veniebat,
796 1481 953 1556 peregrino
981 1484 1095 1554 temen,
1122 1499 1159 1539 ne
1181 1480 1237 1540 bac
1265 1480 1408 1539 facultate
1432 1480 1580 1541 abutetur

264 1576 419 1652 specieque
447 1575 635 1636 sacrificandi
662 1577 823 1653 epulasque
852 1595 950 1637 sacras
977 1577 1106 1638 habendi
1114 1569 1153 1658 ¹⁰)
1183 1578 1295 1637 diutius
1319 1597 1410 1654 quarn
1433 1597 1507 1656 opus
1531 1583 1579 1638 eat

263 1693 330 1734 cum
357 1675 499 1734 iumentis
526 1677 558 1733 in
582 1674 704 1734 delubro
727 1677 874 1748 versetur,
906 1677 1021 1735 certum
1048 1677 1190 1752 temporis
1215 1677 1347 1752 spatium
1374 1678 1577 1736 constituitur.

263 1771 320 1841 Qui
349 1775 453 1833 contra
480 1773 553 1831 haec
579 1776 740 1850 praecepta
762 1773 919 1850 pascebat,
942 1791 996 1850 pro
1019 1775 1183 1834 minorihus
1207 1774 1363 1852 pecoribus
1386 1777 1577 1850 scripturam,

261 1889 316 1948 pro
344 1870 506 1930 maioribus
535 1871 705 1930 drachmam
732 1904 769 1912 -
799 1873 861 1931 iam
888 1875 969 1931 recta
997 1874 1096 1932 evenit
1122 1875 1200 1932 ratio
1227 1906 1269 1913 -
1298 1874 1412 1933 solvere
1440 1873 1577 1933 debebat

262 1967 431 2048 Legislator
449 1971 529 2028 enim
547 1971 579 2028 in
597 1970 644 2029 his
663 1969 801 2029 sollemni
819 1972 968 2046 scriptura
986 1989 1045 2030 non
1062 1973 1218 2031 contentus
1232 1973 1331 2031 maius
1349 1971 1479 2047 pretium
1498 1975 1577 2030 tam-

262 2085 353 2144 quam
375 2066 502 2126 multam
525 2066 663 2146 erigebat
685 2070 821 2145 spectans
846 2067 951 2146 opinor
972 2068 1161 2146 potissimum
1185 2071 1319 2128 iumenta
1339 2069 1576 2147 peregrinorum.

351 2164 444 2225 Locos
467 2165 624 2240 habemus,
652 2165 762 2243 quibus
791 2165 946 2246 ἰνφορβίεν
969 2169 1099 2226 occurrit
1121 2199 1165 2207 -
1188 2185 1258 2225 nam
1281 2167 1312 2225 in
1337 2167 1435 2243 capite
1459 2169 1577 2242 quinto,

262 2264 318 2322 etsi
340 2265 439 2340 ipsum
463 2283 581 2340 quoque
605 2264 643 2322 ad
665 2282 806 2341 pecorum
829 2266 995 2341 pastionem
1018 2265 1157 2340 pertinet,
1181 2261 1376 2344 ι’νφορβισμός
1394 2267 1495 2324 tamen
1514 2283 1576 2324 non

262 2367 521 2438 commemoratur,
555 2363 605 2422 sed
637 2362 685 2421 hic
718 2364 770 2439 qui
798 2365 901 2422 contra
928 2364 1121 2439 praeceptum
1147 2363 1245 2439 pascit
1271 2365 1307 2422 ut
1333 2381 1387 2438 pro
1411 2361 1576 2423 maioribus

261 2459 433 2520 drachmam
456 2461 501 2519 ita
522 2479 578 2538 pro
601 2459 766 2520 minoribus
785 2460 905 2520 obolum
924 2461 1037 2520 solvere
1056 2453 1188 2542 debet²¹)
1204 2493 1244 2502 —
1264 2459 1459 2537 omnibusque
1482 2460 1575 2538 signi·

260 2557 429 2618 ficationem
457 2561 635 2633 scripturum
658 2561 768 2634 catpm
797 2559 984 2635 aptissimam
1008 2577 1070 2618 esse
1094 2559 1342 2619 demonstravisse
1365 2559 1439 2617 mihi
1462 2559 1575 2618 videor.

260 2657 367 2715 Restat
389 2659 423 2716 ut
447 2656 482 2716 de
507 2658 612 2717 aeteus
636 2657 784 2734 capitibus
808 2675 904 2733 pauca
927 2657 1057 2716 afferam.

349 2762 413 2822 Iam
440 2763 540 2839 ipsum
568 2767 659 2840 caput
687 2765 834 2840 quintum,
867 2783 927 2839 quo
959 2761 993 2822 τὰ
1022 2761 1084 2844 ἱερὰ
1107 2763 1240 2845 πρόβατα
1262 2765 1330 2840 plus
1353 2764 1400 2823 die
1424 2767 1574 2841 noctuque

259 2861 353 2921 Aleae
376 2863 458 2937 pasci
482 2865 631 2940 vetantur,
654 2862 775 2939 plenum
799 2864 844 2921 est
867 2861 1064 2935 difficultatis,
1088 2881 1164 2938 quae
1187 2881 1291 2923 vereor
1313 2882 1350 2921 ne
1374 2862 1446 2923 adeo
1470 2862 1508 2921 ad
1527 2865 1574 2922 to·

259 2960 320 3020 tius
344 2960 429 3018 tituli
451 2959 597 3019 rationem
621 2962 778 3036 pertineat.
815 2960 909 3019 Nulla
932 2963 1017 3035 esset,
1041 2960 1066 3020 si
1086 2980 1144 3020 non
1163 2959 1265 3035 Aleae,
1288 2961 1340 3020 sod
1358 2960 1485 3020 aliorum
1504 2961 1574 3021 deo·

260 3077 327 3116 rum
349 3075 454 3136 greges
479 3057 554 3116 sacri
578 3058 755 3131 dicerentur,
779 3061 812 3117 at
834 3058 890 3117 hoc
913 3057 1029 3136 refugio
1053 3077 1111 3118 non
1134 3059 1205 3118 licet
1228 3059 1283 3134 uti,
1307 3060 1448 3135 quoniam
1468 3058 1499 3117 id
1517 3059 1572 3118 ali·

261 3174 320 3231 quo
343 3156 430 3215 modo
454 3155 582 3215 iudicari
605 3155 719 3232 debuit,
742 3155 858 3217 ratione
881 3156 1058 3232 praesertim
1080 3157 1185 3216 habita
1209 3156 1329 3216 articuli
1350 3155 1393 3215 τά.
1441 3155 1574 3216 Ournam

261 3257 361 3313 autem
383 3255 478 3329 ipsius
498 3253 649 3314 Minervae
670 3253 762 3314 Aleae
780 3272 888 3329 pecora
906 3272 991 3314 sacra
1014 3255 1132 3332 pascuis
1151 3254 1243 3313 Aleae
1263 3285 1303 3294 -
1325 3253 1354 3312 ίν
1374 3245 1469 3312 ’adlice
1493 3254 1574 3314 enim

259 3351 331 3426 dici,
363 3369 423 3410 non
455 3349 485 3410 ίν
513 3355 563 3411 roc*
584 3351 740 3432 περιχώροι
772 3371 878 3411 moneo
902 3383 945 3392 -
968 3351 1121 3428 prohibita
1143 3351 1213 3427 sint,
1240 3371 1327 3412 nemo
1351 3351 1446 3411 adhuc
1470 3352 1574 3412 docuit

258 3467 353 3524 neque
377 3467 431 3526 ego
455 3451 530 3509 satis
548 3451 704 3526 perspicio.
742 3448 950 3510 Sacerdotibus
969 3469 1027 3509 non
1047 3450 1106 3510 nisi
1123 3452 1237 3510 certum
1256 3469 1411 3509 numerum
1429 3469 1573 3525 pecorum

257 3545 399 3623 pascendi
420 3548 600 3623 potestatem
629 3547 719 3607 husee
742 3547 928 3625 intellegitur
955 3567 1090 3607 necnon
1115 3548 1193 3608 cives
1220 3550 1429 3626 peregrinosve
1452 3553 1573 3625 praeter

258 3648 416 3708 sollemnes
440 3648 608 3708 occasiones
631 3647 809 3724 scripturam
829 3648 943 3707 solvere
962 3647 1097 3707 debuisse
1116 3650 1346 3706 consentaneum
1369 3649 1423 3720 est,
1446 3647 1571 3707 aldeae

258 3745 442 3804 domicilium
470 3745 542 3804 deae
570 3744 710 3823 gregibus
739 3763 798 3804 non
826 3763 942 3822 semper
967 3745 1060 3805 libere
1082 3747 1215 3822 patuisse
1238 3746 1355 3803 mirum.
1401 3743 1450 3803 An
1472 3745 1571 3806 solum

330 3952 373 4019 l'l)
401 3949 544 4004 indicatur
572 3950 728 4005 subiectum
757 3949 935 4005 indefinitum
963 3951 992 4004 in
1015 3950 1068 4005 hoc
1095 3949 1179 4004 titulo
1205 3966 1324 4020 persona
1346 3950 1433 4005 tertia
1459 3953 1570 4006 numeri

258 4029 408 4100 singularis
428 4047 488 4100 eg.
509 4035 555 4097 ἐῢ
576 4030 605 4085 sl'
619 4027 649 4085 κ’
666 4029 712 4085 ἐπὶ
731 4033 811 4100 δῶμα
830 4038 885 4099 πῦρ
906 4027 1011 4101 ἐποίση.

330 4114 373 4179 18)
401 4111 458 4164 u'm
476 4110 603 4180 syllabae
622 4131 683 4178 τρι·
701 4126 801 4179 parum
820 4127 865 4166 me
883 4110 1048 4182 intellegere
1068 4110 1166 4166 fateor.

330 4192 373 4259 19)
402 4191 436 4244 cf.
456 4208 483 4244 n.
500 4198 549 4245 111
571 4193 601 4245 et
618 4206 691 4260 qnae
710 4190 751 4244 ibi
769 4191 861 4246 attuli.
1061 4195 1064 4202 '

328 4274 373 4338 20)
401 4272 476 4325 unde
495 4271 541 4326 ἐπί
566 4269 693 4341 θοίνην
717 4267 829 4339 ίκιίντας
851 4269 939 4341 θοίνη
963 4271 1038 4326 enim
1056 4271 1172 4326 minime
1195 4271 1271 4325 idem
1295 4273 1381 4339 atquc
1403 4269 1495 4326 θυσία
1518 4275 1570 4340 est,

259 4350 307 4404 sed
327 4350 425 4420 epulas
443 4367 537 4406 sacras
556 4351 711 4422 significat,
734 4351 788 4406 hoc
806 4354 900 4406 antem
919 4351 980 4406 loco
1000 4351 1046 4406 ἐπὶ
1064 4349 1178 4422 θοίνην,
1196 4367 1253 4405 non
1271 4351 1318 4406 ἐπὶ
1336 4347 1444 4406 θυσίαν
1463 4351 1569 4408 idcirco

259 4429 375 4498 dicitur,
394 4435 427 4486 ut
446 4432 542 4487 statim
561 4435 698 4502 appareat
719 4432 804 4487 licere
823 4448 878 4486 non
897 4433 986 4488 solum
1006 4431 1094 4502 ipsius
1113 4432 1154 4487 rei
1173 4447 1277 4500 saone,
1296 4431 1344 4485 sed
1365 4432 1452 4486 etiam
1471 4432 1569 4501 epula-

256 4526 319 4562 rum
339 4509 471 4580 deinceps
491 4527 633 4566 sacrarum
653 4527 740 4567 causa
757 4513 786 4566 in
805 4511 873 4568 fano
893 4531 956 4567 cum
974 4512 1107 4568 iumentis
1125 4512 1236 4568 morari.

329 4593 373 4660 21)
401 4590 514 4645 obolum
537 4591 627 4662 ipsius
651 4593 807 4663 scripturae
829 4593 952 4664 pretium
974 4591 1062 4648 fuisse
1080 4609 1136 4646 non
1159 4594 1263 4647 temere
1282 4608 1315 4646 ex
1339 4591 1391 4646 hoc
1415 4597 1568 4662 praecepto

258 4668 384 4740 colligas,
403 4686 468 4724 uam
488 4689 552 4725 cum
571 4672 605 4726 de
625 4673 779 4727 maioribus
798 4673 946 4746 pecoribus
965 4690 1029 4728 cum
1047 4672 1190 4743 superiore
1204 4673 1353 4727 conveniat
1368 4704 1401 4712 —
1415 4672 1568 4742 utrobique

258 4749 392 4804 drachma
410 4751 533 4820 exigitur
552 4783 598 4818 -,
618 4753 705 4808 etiam
724 4753 763 4820 id,
782 4754 857 4822 quod
876 4771 927 4824 pro
945 4753 1099 4807 minoribus
1119 4753 1295 4824 exigitur-
1314 4752 1360 4806 hio
1380 4751 1488 4820 obolus,
1508 4751 1568 4807 illic

257 4829 397 4898 scriptura
415 4861 462 4897 —,
481 4830 557 4885 idem
576 4830 668 4887 valere
687 4834 838 4902 putaveris.
868 4834 922 4887 Sed
941 4833 1016 4888 oboli
1036 4835 1174 4904 scriptura
1192 4851 1242 4903 pro
1261 4851 1317 4888 uno
1336 4849 1448 4903 quoque
1467 4849 1568 4903 pecore

256 4907 331 4962 iusto
350 4909 439 4963 maior
457 4913 508 4965 est.
