3450 5458
261 313 328 380 140
787 314 901 398 anons
920 314 1060 371 anema

260 504 342 544 mum
365 486 486 562 lateque
513 487 714 563 propagatum
741 485 835 545 ritum
858 486 1095 546 Theoxeniorum
1121 487 1178 546 hoc
1205 487 1270 547 loeo
1294 486 1353 547 dici
1376 507 1504 564 eumque
1527 488 1573 546 ita

259 583 297 642 ab
320 584 473 644 Iobaeehis
501 588 599 644 actum
627 603 704 659 esse,
730 587 765 643 ut
793 584 911 661 aliquot
933 585 1048 646 sodales
1071 587 1149 646 sorte
1172 585 1254 644 ducti
1281 605 1422 662 personas
1446 585 1570 648 deorum

259 681 416 742 induerent
443 685 474 742 et
501 681 538 742 ad
566 701 698 743 mensam
722 701 836 743 sacram
860 701 961 742 eorum
985 685 1047 743 vice
1072 684 1263 759 accubarent,
1294 703 1348 762 pro
1376 688 1456 744 certo
1478 684 1571 744 habet

259 783 350 856 atque
377 781 408 840 id
437 781 556 858 quidem
579 783 627 841 vel
650 781 878 860 Dittenbergero
906 783 1087 859 persuasisse
1110 782 1235 842 uidetur.
1283 783 1325 842 At
1351 784 1481 860 primum
1504 785 1569 860 qui-

259 877 326 938 dem
349 898 456 939 nornen
479 879 554 939 illud
578 877 668 961 Μέρη
691 880 764 940 ferri
791 880 907 957 nequit:
940 900 999 941 non
1027 900 1152 957 quaero,
1180 901 1302 942 curnam
1324 882 1463 942 Iobaeehi
1485 883 1568 942 lecti·

259 978 373 1037 sternia
400 996 454 1038 sua
480 996 539 1037 non
568 979 705 1038 sollemni
731 978 819 1038 huius
847 980 891 1040 rei
920 979 1039 1039 nomine
1067 979 1128 1039 sive
1155 976 1294 1052 Θεοξένια
1317 981 1378 1040 sive
1403 977 1491 1045 Ξένια
1515 1001 1567 1058 ap·

259 1061 448 1152 pellaverint,
476 1075 507 1135 id
534 1075 601 1136 dico
623 1095 731 1138 nomen
753 1097 807 1154 per
830 1096 860 1137 sc
883 1078 982 1155 ipsum
1006 1081 1129 1156 propter
1155 1077 1307 1138 notionem
1330 1079 1515 1138 indefinitam
1539 1081 1569 1139 et

261 1193 279 1234 a
302 1177 393 1234 sacris
416 1175 490 1251 ipsis
513 1193 635 1252 prorsus
659 1177 788 1236 alienam
809 1176 932 1236 minime
955 1181 1059 1255 aptum
1082 1195 1153 1253 esse,
1178 1195 1232 1236 uec
1255 1180 1332 1238 recte
1357 1177 1393 1237 ab
1416 1177 1470 1238 illo
1493 1175 1570 1250 Χόες

259 1275 291 1332 et
313 1271 426 1352 Χύτροι
454 1278 679 1350 comparantur,
708 1275 848 1350 quoniam
876 1277 1035 1353 utrumque
1061 1277 1118 1335 hoe
1144 1295 1252 1336 nomen
1279 1277 1410 1352 pertinet
1436 1275 1475 1335 ad
1502 1279 1569 1352 ipsa

258 1390 351 1431 saera.
389 1373 467 1431 Tum
489 1391 560 1432 vero
584 1391 619 1432 ac
641 1376 802 1450 praecipue
824 1373 924 1434 Maass
947 1393 1025 1433 nova
1044 1373 1191 1451 quaedam
1214 1379 1244 1435 et
1266 1375 1404 1442 inaudita
1423 1376 1569 1434 lectister-

257 1470 309 1530 nia
331 1470 425 1530 tinxit
471 1469 552 1540 Quae
575 1473 654 1531 enim
677 1473 797 1551 cognita
820 1475 890 1532 sunt
912 1473 1101 1546 testimoniis
1124 1474 1169 1533 ita
1191 1472 1303 1532 fiebant
1326 1476 1362 1532 ut
1380 1473 1471 1533 variis
1495 1473 1568 1533 cibis

258 1571 290 1628 in
313 1589 415 1629 mensa
437 1587 522 1630 sacra
545 1571 698 1632 collocatis
720 1571 807 1631 heros
830 1571 940 1631 deusve
962 1569 1098 1648 precibus
1121 1571 1160 1630 ad
1179 1572 1361 1647 epulandum
1379 1573 1568 1647 invitaretur,

258 1669 433 1745 plerumque
456 1671 612 1746 praeterea
633 1669 728 1729 lectus
752 1671 933 1730 sterneretur
954 1669 1105 1747 tapetibus
1124 1669 1315 1747 pulvinisque
1334 1673 1495 1728 exornatus
1513 1670 1568 1728 inr-

258 1767 356 1842 posito
380 1767 514 1842 symbolo
538 1768 599 1827 sive
623 1768 781 1827 simulacro
806 1768 860 1828 dei.
870 1760 910 1850 ³¹)
955 1768 1098 1828 Homines
1120 1787 1191 1828 vero
1214 1786 1355 1845 personas
1378 1768 1500 1827 deorum
1522 1771 1566 1827 in·

257 1864 356 1924 duisse
384 1884 544 1942 eorumque
568 1868 632 1926 vice
659 1866 691 1925 in
717 1867 907 1926 lectisterniis
940 1867 1076 1944 epulatos
1108 1885 1170 1927 esse
1196 1871 1232 1927 ut
1259 1867 1401 1943 antiquae
1427 1868 1567 1945 religioni

257 1967 418 2042 repugnat,
446 1965 491 2024 ita
518 1964 601 2024 nullo
628 1965 774 2041 probatur
801 1966 980 2026 testimonio.
988 1958 1027 2048 ³²)
1073 1966 1180 2042 ltaque
1207 1967 1264 2026 etsi
1286 1964 1420 2025 Bacchus
1448 1985 1567 2043 quoque

257 2060 449 2122 lectisterniis
471 2063 634 2123 honoratus
659 2067 712 2140 est,
734 2065 864 2140 licetque
887 2063 945 2140 ipsi
968 2064 1106 2124 Iobaeehi
1130 2083 1198 2123 eum
1220 2064 1265 2124 ita
1287 2064 1512 2139 honoraverint,
1535 2065 1566 2123 id

258 2160 336 2237 quod
359 2179 414 2221 nee
436 2162 540 2239 negari
563 2181 617 2222 neo
641 2162 785 2222 affirmari
807 2166 916 2239 potest,
939 2165 1046 2239 utique
1069 2163 1115 2222 his
1139 2163 1213 2241 logis
1236 2161 1334 2222 verbis
1358 2181 1453 2222 sermo
1474 2163 1511 2222 de
1528 2163 1566 2221 iis

256 2278 316 2318 non
339 2263 391 2319 cst.
437 2260 532 2320 Immo
556 2261 647 2320 verba
666 2269 764 2340 μερῶν
782 2258 815 2322 δὲ
837 2257 1017 2341 γεινομένων
1040 2257 1144 2340 αἰρέτω
1163 2293 1207 2303 -
1226 2259 1374 2333 Διόνυσος
1393 2258 1476 2338 Κόρη
1501 2263 1566 2320 Πα-

256 2357 370 2435 λαίμων
397 2351 561 2437 Ἀφροδίτη
594 2358 835 2439 Πρωτεύροθμος
865 2360 946 2419 haud
978 2359 1067 2419 dubie
1100 2359 1137 2419 ad
1170 2379 1219 2419 eos
1251 2359 1414 2436 pertinent,
1451 2360 1502 2435 qui
1534 2359 1565 2417 in

257 2455 417 2516 dramate
454 2475 537 2517 sacro
548 2450 588 2540 ³³)
625 2459 747 2518 deorum
783 2461 883 2536 partes
922 2457 1065 2536 agebant,
1102 2459 1135 2516 ut
1171 2458 1232 2518 iam
1271 2457 1357 2518 Wide
1393 2458 1514 2536 collegit
1549 2479 1565 2517 e

256 2575 283 2614 v.
301 2557 391 2632 hhsq.
415 2554 484 2628 τοὺς
507 2553 666 2636 μερισμοὺς
688 2553 782 2636 λέγειν
804 2554 854 2615 καλ
876 2561 982 2616 ποιεῖν.
1027 2556 1126 2615 Minus
1149 2559 1228 2616 recte
1250 2556 1329 2617 idem
1353 2574 1411 2631 eos,
1437 2557 1488 2633 qui
1512 2556 1565 2616 illo

255 2653 321 2713 loco
335 2652 465 2729 priorem
480 2653 613 2713 ordinem
628 2654 776 2715 efficiunt:
791 2653 894 2735 ἱερεύς,
908 2652 1076 2735 aveamus,
1090 2654 1195 2732 ταμίας
1209 2646 1434 2735 βουκολιτόςμ),
1449 2654 1564 2714 sodales

328 2836 372 2902 31)
391 2833 422 2887 of
445 2833 579 2888 Deneken
599 2834 642 2889 De
661 2835 823 2890 lheoxsnie's
840 2853 869 2906 p.
885 2842 960 2904 lsq,
975 2834 1113 2890 Wissowa
1132 2835 1220 2906 Βελὲθ.
1235 2852 1262 2888 ιο.
1278 2835 1385 2890 Kotes
1402 2835 1451 2890 der
1464 2835 1564 2890 Rdmcr

256 2931 284 2983 p.
300 2918 350 2967 356
360 2931 418 2984 sqq.

327 2997 371 3064 tt)
400 2994 527 3050 Suetonii
550 2995 621 3065 Aug.
648 3001 681 3048 70
709 2995 744 3050 de
767 2995 889 3066 Augusti
913 2997 989 3050 cenis
1013 2995 1141 3062 secretis,
1165 2995 1268 3064 quibus
1293 2995 1425 3049 convivae
1449 2995 1564 3050 deorum

256 3073 427 3142 dearumque
445 3075 546 3130 habitu
565 3075 765 3142 diecubahant,
793 3077 984 3130 narrationem
1002 3075 1038 3130 M.
1059 3093 1114 3130 non
1139 3075 1238 3131 debuit
1261 3076 1315 3130 huc
1338 3075 1462 3142 trahere;
1490 3092 1563 3146 quae

255 3170 341 3210 cenae
360 3155 384 3210 si
402 3155 605 3225 pertinuissent
624 3157 660 3210 ad
679 3157 826 3225 antiquum
846 3157 945 3222 rihrm,
969 3157 1017 3226 qui
1036 3157 1151 3210 tandem
1171 3155 1229 3210 fieri
1249 3156 1356 3226 potuit,
1381 3157 1413 3209 ut
1430 3173 1494 3210 curn
1513 3155 1562 3210 alii

255 3236 316 3288 tum
334 3235 473 3290 Antonius
492 3239 664 3292 amaracina
683 3253 729 3292 eas
743 3236 929 3307 ‘exprobraret
947 3237 1095 3307 epistulis?

327 3319 371 3386 33)
398 3316 428 3370 in
451 3335 476 3370 v.
493 3323 543 3372 113
555 3335 614 3388 sqq.
634 3317 736 3373 τιθέτω
759 3317 785 3387 (θ
810 3317 909 3388 ἱερεὺς)
932 3316 983 3388 τὴν
1006 3326 1062 3372 τῶν
1086 3313 1276 3386 Καταγωγλοτν
1300 3315 1427 3386 σπονδὴν
1452 3317 1563 3389 στιβάδι

255 3391 322 3464 μίαν
346 3398 394 3450 καὶ
417 3395 578 3468 θεολογίαν,
606 3397 642 3467 ἣν
662 3396 763 3466 ἤρξατο
786 3397 816 3452 ἐκ
835 3395 1008 3466 φιλοτειμίας
1030 3406 1122 3454 ποιεῖν
1142 3396 1157 3451 ὁ
1181 3396 1364 3467 ἱεραοολμενος
1386 3395 1564 3470 Νεττιόμαχος

254 3493 349 3531 vocem
367 3475 520 3548 θεολογίαν
539 3477 575 3532 ad
593 3477 648 3532 hoc
666 3478 764 3532 drama
787 3478 927 3548 pertinere
950 3478 1089 3548 suspicor,
1113 3477 1277 3532 sollemnem
1300 3477 1346 3531 dei
1369 3477 1562 3532 laudationem

253 3556 394 3612 intellexit
417 3557 519 3624 Mases,
547 3559 595 3613 sed
625 3576 688 3613 oum
715 3558 769 3612 hac
797 3557 1002 3629 significatione
1026 3557 1140 3612 verbum
1168 3556 1270 3613 τιθέτω
1293 3573 1391 3627 parum
1416 3558 1562 3613 convenire

253 3637 363 3708 Drerup
382 3641 457 3694 recte
476 3639 572 3706 sensit,
592 3639 637 3694 eui
655 3641 751 3694 tamen
765 3639 841 3708 quod
855 3640 903 3693 der
917 3641 1021 3694 albliehe
1037 3639 1232 3694 Gdlterroaber·
1247 3639 1291 3705 (Z.
1302 3642 1355 3693 121
1365 3640 1399 3706 f.)
1415 3637 1471 3692 dici
1487 3637 1561 3692 vice

253 3720 308 3784 tur,
327 3734 426 3774 vereor
440 3736 475 3775 ne
493 3719 724 3791 Indogerrnanico
747 3719 796 3773 illo
820 3719 876 3773 ritu
901 3721 1001 3790 captus
1020 3719 1065 3774 sit.
1102 3717 1239 3790 Theologi
1258 3719 1288 3772 id
1307 3735 1419 3789 quoque
1437 3718 1561 3774 officium

253 3797 353 3865 fuisse',
376 3801 409 3853 ut
432 3800 468 3853 ad
492 3801 632 3870 agendum
660 3801 758 3855 mama
786 3815 896 3854 sacrum
921 3799 1006 3854 verba
1034 3798 1234 3866 conscriberet,
1263 3799 1356 3854 Mases
1379 3799 1439 3870 ipse
1461 3817 1489 3869 p.
1511 3805 1558 3852 121

252 3880 377 3933 not.168
402 3880 438 3933 ad
461 3880 575 3935 Lucian.
590 3881 736 3936 Pseudom.
752 3887 786 3934 20
810 3881 916 3950 optime
933 3881 1055 3946 monuit;
1083 3880 1182 3950 quidni
1205 3880 1252 3933 hio
1275 3896 1387 3949 quoque
1409 3877 1561 3948 θεολογίαν

252 3959 336 4013 illam
351 3960 463 4030 proprie
482 3960 567 4014 verba
585 3961 709 4028 fabulae,
728 3961 830 4016 deinde
848 3960 1007 4015 universum
1033 3959 1224 4031 spectaculum
1243 3959 1402 4029 significare
1420 3961 1560 4029 putemus,

253 4040 329 4108 quod
348 4041 538 4095 exornandum
558 4044 587 4096 et
604 4041 800 4096 instruendum
819 4041 902 4095 verbo
921 4040 1023 4097 τιθέτω
1042 4040 1182 4096 sacerdoti
1200 4041 1369 4095 mandatur?

326 4121 370 4190 34)
399 4121 441 4175 ita
458 4121 535 4189 lego,
564 4121 666 4192 reliqui
690 4122 879 4176 distinxerunt
898 4119 1008 4190 ταμίας,
1036 4118 1199 4193 dococti-adr
1221 4121 1276 4175 hac
1298 4137 1365 4175 voce
1388 4120 1559 4190 peculiarem

253 4201 395 4269 quendem
411 4201 610 4271 magistratum
623 4202 666 4257 vel
681 4201 869 4256 sacrificulum
883 4201 1035 4272 significari
1049 4203 1113 4268 rati,
1133 4219 1166 4255 ac
1180 4200 1273 4254 Manes
1288 4201 1402 4269 quidem
1417 4199 1559 4255 Βουκόλον

254 4281 427 4334 sacerdotem
447 4298 507 4335 esse
526 4281 623 4348 voluit,
643 4281 784 4337 Βουκόλον
799 4299 864 4336 vero
878 4282 997 4336 eundem
1013 4298 1073 4336 esse
1093 4285 1178 4350 atqoe
1189 4279 1340 4350 Orpheum,
1359 4298 1442 4350 quem
1457 4281 1557 4335 iterum

252 4359 342 4414 latere
360 4363 501 4429 postremo
519 4363 633 4417 nomine
650 4363 871 4433 Προτεύρυθμος
888 4363 991 4428 censet,
1010 4379 1083 4431 quae
1102 4365 1196 4416 tamen
1215 4362 1310 4415 omnia
1327 4360 1387 4416 ulla
1405 4360 1558 4430 probahili-

253 4443 313 4495 tate
332 4457 425 4495 carere
444 4458 540 4496 ornnes
559 4443 658 4512 opinor
676 4441 760 4497 hodie
779 4443 969 4507 censentiunt;
995 4442 1136 4496 sententia
1154 4441 1232 4496 illius
1250 4442 1295 4496 vel
1313 4442 1366 4496 hoe
1383 4458 1440 4495 nno
1459 4441 1559 4496 everti·

253 4523 312 4587 tur,
336 4521 411 4589 quod
430 4521 572 4592 Orpheum
596 4523 631 4577 ab
654 4523 743 4577 isdem
762 4523 907 4578 Iobaeehis
930 4523 958 4576 in
982 4539 1038 4576 uno
1057 4523 1223 4592 praesertim
1241 4521 1370 4577 dramate
1388 4520 1498 4576 duobus
1517 4520 1558 4575 di-

253 4601 339 4656 versis
359 4602 519 4656 nominihus
538 4603 727 4674 significatum
742 4619 803 4659 esse
816 4602 981 4659 incredibile
996 4605 1046 4656 est.
1076 4601 1131 4657 Sed
1144 4619 1179 4657 ne
1198 4603 1284 4657 ceteri
1300 4603 1423 4671 quidem,
1443 4602 1555 4670 quinam

252 4681 302 4737 ille
320 4682 483 4755 βοακολινός
496 4683 590 4750 fuerit,
609 4685 769 4752 enuntiant,
789 4686 916 4753 praestat
929 4683 1017 4753 igitur
1030 4699 1093 4738 mea
1107 4683 1220 4752 quidem
1235 4685 1376 4738 sententia
1390 4682 1556 4737 vocabulum

252 4763 416 4834 βουνολιτός
433 4781 483 4834 pro
503 4763 654 4830 adiectivo,
678 4765 751 4819 sicut
774 4767 829 4830 est,
853 4765 894 4818 ita
916 4764 1021 4818 hahere
1045 4766 1155 4819 etcum
1175 4762 1351 4818 substantivo
1373 4760 1476 4832 ταμίας
1493 4779 1556 4817 con·

252 4843 376 4914 iungere.
404 4844 436 4898 In
455 4859 585 4899 scaenam
603 4846 698 4898 autem
717 4847 849 4914 quaestor
866 4844 1048 4900 boucolorum
1065 4845 1159 4899 nescio
1175 4861 1211 4898 an
1226 4859 1258 4898 eo
1273 4843 1390 4900 oonsilio
1404 4844 1555 4913 productus

253 4924 302 4989 sit,
326 4926 357 4976 ut
380 4924 432 4978 deo
454 4924 517 4994 ipso
540 4925 659 4979 fortuma
682 4926 849 4980 adhortante
867 4925 997 4980 lobacchi
1020 4924 1069 4993 qui
1088 4924 1256 4994 spectabant
1274 4924 1308 4980 ds
1330 4925 1452 4978 nummis
1470 4924 1555 4993 probe
