3450 5458
278 309 343 376 154
792 309 907 366 LEGES
928 309 1068 366 SAGRAE

364 478 399 538 V.
421 481 439 537 2
464 481 495 539 et
518 482 537 539 3
561 481 622 538 iarn
646 478 743 538 editor
765 480 960 540 Americanus
983 480 1095 558 optime
1123 479 1337 557 interpretatus
1360 483 1418 556 θείς
1445 475 1587 558 ἀπόβαμα

274 577 353 636 enim
377 577 396 636 i.
411 597 437 636 e.
455 573 618 656 ἀπόβαμμα
641 595 700 653 quo
724 581 846 654 spectet,
869 582 949 638 recte
972 578 1137 638 illustravit
1159 596 1227 636 cum
1248 579 1319 650 ritu,
1342 597 1430 654 quem
1449 576 1532 636 (liroc
1551 582 1587 636 ut

274 674 411 734 Iasonem
435 679 466 734 ot
483 674 619 735 Medeam
643 676 783 735 lustraret
806 675 976 735 adhibuisse
995 679 1136 736 narratur
1153 675 1253 752 Apoll.
1268 675 1340 754 Arg.
1354 675 1398 734 IV
1409 677 1543 752 loisqq.
1551 669 1587 755 ¹),

275 777 339 832 tum
362 774 428 834 coll.
449 773 557 832 Athen.
576 773 618 832 IX
641 793 669 850 p.
685 775 787 833 41οαε
820 771 852 834 έν
878 778 940 846 τοῖς
967 783 1026 834 τῶν
1053 771 1253 854 Εὐπατριδῶν
1279 772 1413 854 πατρίοις
1441 771 1509 833 τάδε
1537 795 1586 852 γε-

276 870 414 952 γράφθαι
432 869 499 952 περὶ
520 879 572 950 τῆς
593 879 653 931 τῶν
671 871 775 931 ίκετῶν
793 871 983 950 καθάρσεως·
1007 867 1120 933 ‘diretta
1138 869 1364 949 ἀπονιψάμενος
1382 869 1471 944 αύτδς
1488 867 1538 930 καλ
1556 871 1587 930 οἱ

273 965 357 1029 ἄλλοι
379 970 412 1029 ol
429 969 677 1048 σπλαγχνεύοντες
694 967 776 1049 ύδαρ
795 966 895 1049 λαβὼν
913 968 1048 1049 κάθαιρε.
1084 966 1205 1043 ἀπόνιζε
1225 969 1258 1030 τὸ
1276 961 1349 1046 αίμσι
1367 977 1420 1030 τού
1438 971 1584 1046 καθαιρο-

274 1065 366 1146 μένου
392 1065 442 1127 καί
470 1065 540 1145 μετά
568 1061 683 1147 [τοῦτο]
706 1065 738 1128 τδ
766 1064 951 1145 ἀπόνιμμα
981 1065 1165 1145 ἀνακινήσας
1191 1066 1233 1139 εἰς
1260 1065 1348 1127 ταύτδ
1376 1060 1474 1145 έγχεε.’
1519 1066 1583 1126 Ad·

273 1166 415 1226 iectivum
442 1167 543 1224 autom
575 1162 742 1244 discriptos,
775 1165 855 1242 quod
881 1186 908 1225 v.
934 1169 951 1225 2
981 1185 996 1225 e
1024 1167 1196 1226 litterarum
1227 1165 1362 1242 reliquiis
1394 1169 1481 1224 acute
1514 1183 1585 1222 anu-

273 1264 392 1338 cleavit,
415 1263 453 1322 ad
477 1264 539 1322 vim
561 1263 718 1337 lustrandi,
742 1281 819 1340 quae
843 1266 962 1340 saepius
985 1263 1075 1324 verbo
1098 1261 1232 1324 ἐλαύνειν
1254 1265 1349 1322 inesse
1377 1261 1453 1322 solat
1475 1253 1585 1343 (Τίτος.

272 1361 370 1421 1126
391 1363 514 1437 ολ1·27,
537 1360 642 1420 Aesch.
657 1361 743 1419 Eum.
760 1362 834 1436 283,
858 1359 946 1438 Soph.
962 1361 996 1421 Ο,
1010 1361 1045 1420 R.
1062 1354 1128 1443 98),
1150 1360 1337 1422 referendum
1360 1377 1422 1418 esse
1445 1359 1531 1432 vidit,
1554 1365 1584 1418 et

273 1463 439 1536 usurpatur
460 1461 506 1518 ita
529 1461 628 1536 ipsum
651 1478 772 1536 quoque
794 1459 975 1518 adiectivum
998 1460 1104 1519 Aesch.
1125 1459 1253 1536 (lhoeph.
1274 1450 1379 1534 965.²)

361 1557 459 1618 Minus
492 1561 607 1616 certum
640 1556 771 1616 eiusdem
803 1557 1043 1634 supplementum
1066 1577 1093 1616 v.
1115 1559 1156 1618 10
1180 1561 1210 1617 et
1235 1561 1273 1616 11
1307 1549 1491 1636 d[clco]pdv,
1524 1575 1585 1631 qno

274 1657 393 1716 nomine
422 1655 620 1732 expiationem
648 1655 802 1714 homicidii
830 1674 848 1715 a
871 1656 1049 1715 lustratione
1078 1655 1320 1733 distinguendam
1343 1654 1403 1714 dici
1425 1645 1585 1734 constat⁸),

272 1754 327 1814 sed·
347 1755 404 1816 etsi
421 1747 467 1812 ΛΛ
486 1755 559 1813 satis
582 1755 696 1812 certum
719 1757 772 1828 est,
796 1754 910 1830 primae
933 1753 1052 1812 litterae
1075 1753 1219 1830 reliquiae
1241 1755 1310 1830 pari
1331 1753 1395 1812 iure
1417 1753 1450 1810 in
1474 1742 1505 1808 ΓΙ
1525 1771 1584 1828 quo

272 1853 304 1910 in
328 1845 355 1912 Β
379 1852 512 1928 suppleri
535 1855 669 1927 possunt.
717 1849 854 1910 Ceterum
882 1851 976 1910 nihilo
1000 1851 1098 1910 minus
1120 1851 1198 1912 hano
1226 1852 1321 1930 legam
1345 1849 1394 1910 vel
1417 1868 1483 1909 eam
1505 1853 1584 1910 certe

272 1951 398 2026 partem,
422 1968 498 2025 quae
522 1950 617 2024 extat,
647 1949 685 2006 ad
707 1948 899 2009 homicidium
923 1949 1112 2025 potissimum
1135 1948 1322 2009 lustrandum
1345 1948 1493 2025 pertinere
1515 1965 1583 2023 pro·

273 2047 370 2107 babile
395 2050 447 2106 est.
493 2047 601 2122 Itaque
629 2047 710 2123 quod
733 2067 760 2104 v.
781 2047 798 2106 6
824 2047 936 2126 legitur
957 2045 998 2124 μὴ
1022 2045 1130 2128 μιαρὸν
1153 2040 1244 2126 είμεν,
1271 2067 1299 2106 v.
1319 2047 1338 2106 9
1363 2043 1470 2126 μιαρόν
1492 2037 1583 2122 εἶμεν,

273 2147 399 2205 fortasse
423 2145 580 2204 discrimen
604 2146 702 2204 iustae
726 2150 755 2204 et
782 2147 911 2204 iniustae
938 2147 1019 2205 necis
1043 2144 1249 2220 constituitur,
1281 2143 1360 2202 unde
1392 2144 1483 2204 etiarn
1506 2143 1584 2202 mira

272 2244 327 2302 illa
354 2261 411 2304 vox
439 2239 562 2320 αἰνητδν
589 2239 735 2322 ίρέξαντα
763 2242 914 2302 commode
942 2246 1042 2320 potest
1064 2243 1215 2319 explicari.
1262 2242 1451 2301 Adiectivum
1478 2239 1583 2318 μιαρός

272 2359 343 2400 sane
371 2341 448 2401 sicut
469 2340 593 2400 verbum
622 2339 793 2418 μιαίνεσθαι
821 2343 912 2400 etiam
939 2340 975 2399 de
998 2341 1115 2399 familia
1138 2341 1257 2400 funesta
1284 2339 1394 2399 dicitur
1417 2331 1467 2420 (ci.
1490 2357 1519 2396 n.
1539 2339 1580 2397 93

272 2459 300 2498 r.
316 2431 382 2520 35).
427 2439 530 2498 Potest
552 2438 647 2516 igitur
669 2440 761 2498 etiam
783 2437 861 2513 fieri,
889 2439 924 2497 ut
946 2437 981 2496 de
1004 2439 1061 2498 hac
1082 2438 1239 2497 lustranda
1263 2441 1378 2516 agatur.
1425 2435 1483 2495 Sed
1506 2435 1582 2493 illud

270 2533 426 2616 έλατήριον
448 2532 612 2614 ἀπόβαμμα
634 2538 730 2613 magis
753 2554 822 2595 cum
844 2538 925 2595 necis
948 2536 1126 2595 lustratione
1149 2537 1296 2595 convenit

361 2794 410 2850 51.
445 2795 558 2865 ‘Argis
577 2794 607 2849 in
625 2794 746 2848 ecclesia
764 2794 797 2849 D.
816 2793 928 2848 Ioannis
947 2801 997 2849 τοῦ
1016 2792 1197 2864 Προδρόμου’
1218 2793 1367 2863 exscripsit
1385 2793 1545 2853 Fourmont.
1565 2807 1580 2844 e

271 2876 351 2929 cuius
371 2874 482 2929 schedis
501 2873 852 2940 ed.BoeolrhOIG1119;
871 2874 1003 2944 repetivit
1018 2873 1141 2929 Frankel
1158 2875 1208 2944 qui
1226 2875 1330 2928 frustra
1349 2873 1379 2926 in
1397 2871 1517 2927 ecclesia
1530 2871 1581 2926 illa

271 2955 396 3025 lapidem
420 2955 559 3024 quaesivit
581 2956 603 3008 I
606 2954 631 3009 G
649 2954 688 3008 IV
703 2959 763 3010 557.
810 2953 851 3009 Cf.
875 2957 1021 3024 praeterea
1044 2955 1180 3009 Wilhclm
1208 2955 1401 3025 Διαλκ-ιμίρτ.
1427 2953 1503 3008 Mic.
1528 2969 1582 3006 cus

273 3037 387 3091 Oestm.
406 3034 457 3090 XX
476 3037 566 3106 (1897)
585 3053 613 3105 p.
629 3039 662 3089 88
682 3052 708 3088 n.
726 3039 766 3088 18.

852 3191 1009 3256 θεοῑι.

511 3323 643 3389 Ἁλιαίαι
672 3323 778 3406 ἔ]δοξε
806 3321 1004 3410 relei(c1)¹)·
1029 3326 1098 3390 ἐ-
1145 3362 1186 3370 -
1236 3361 1273 3370 -
1321 3359 1365 3369 -

513 3467 553 3476 ·-
606 3467 647 3476 -
698 3467 742 3476 -
793 3468 835 3478 -
855 3431 956 3514 μη(δ’)
988 3431 1175 3498 ἱππεύεσθαι
1211 3431 1303 3515 [μηδὲ
1325 3466 1363 3476 -

361 3679 386 3748 1)
414 3675 515 3731 afferre
534 3677 596 3745 ipsa
614 3676 699 3730 verba
717 3692 733 3730 e
751 3692 782 3730 re
800 3675 922 3730 videtur:

463 3785 471 3798 ·
519 3774 616 3833 πρῶτα
634 3765 685 3836 μὲν
704 3763 852 3833 ἀτρέπτοιο
871 3765 1033 3833 λυτήριον
1050 3764 1100 3836 ἥγε
1120 3765 1221 3836 φόνοιο

518 3845 666 3916 τειναμένη
685 3845 855 3914 καθύπερθε
873 3845 940 3908 συδς
957 3845 1044 3912 τέκος,
1067 3842 1102 3914 ἧς
1120 3846 1159 3901 ἔτι
1177 3847 1258 3916 μαζοί

519 3925 663 3997 πλήμκιρον
681 3924 777 3996 λοχίης
795 3926 825 3981 ἐκ
845 3926 957 3994 νηδύος,
976 3925 1073 3994 αἵματι
1091 3935 1187 3997 χεῖρας

518 4005 624 4077 τέγγεν,
643 4004 832 4076 ἐπιτμήγουσα
851 4005 948 4077 δέρην·
968 4003 1048 4068 αύτις
1065 4008 1097 4062 δέ
1115 4007 1164 4062 κοιλ
1183 4006 1275 4070 ἀλλοις

519 4085 657 4156 μείλισσεν
675 4087 806 4157 χύτλοισι,
825 4085 986 4154 καθάρσιον
1004 4085 1179 4158 ἀγκαλέουσα

521 4171 609 4235 Ζῆνα,
627 4163 814 4236 παλαμναίων
832 4165 966 4234 τιμήορον
985 4165 1131 4222 ίκεσιάων·

519 4247 567 4300 κοιλ
585 4247 620 4301 τὰ
639 4248 689 4316 μὲν
708 4244 805 4314 ἀθρόα
824 4244 918 4300 πάντα
937 4242 1032 4314 δόμων
1051 4246 1081 4300 ἐκ
1100 4242 1217 4314 λύματ’
1238 4245 1350 4302 ἔνεικαν

518 4327 633 4396 νηιάδες
650 4325 789 4394 πρόπολοι
808 4330 864 4381 κτλ.

359 4427 386 4494 2)
709 4421 776 4480 όταν
795 4421 852 4494 ἀφ’
870 4421 963 4486 ἑστίας

518 4505 605 4575 μύσος
622 4513 681 4559 πᾶν
700 4505 790 4575 έλαδῇ

518 4588 711 4655 καθαρμοῖσιν
730 4585 802 4638 ἀτᾶν
820 4583 976 4655 ἐλατηρίοις
995 4584 1081 4654 (cod.:
1100 4583 1178 4639 ἅπαν
1197 4583 1361 4653 έλατήριον).

359 4675 386 4744 t)
413 4673 449 4728 cf.
463 4677 576 4743 praeter
593 4673 626 4727 Κ.
642 4673 673 4728 Ο.
689 4672 791 4728 Mdller
804 4675 898 4729 Accola
914 4675 997 4728 Ειιυι.
1013 4679 1169 4745 p.138sqq.
1189 4691 1262 4728 nunc
1281 4673 1458 4742 potissimum
1477 4671 1576 4728 Rohde

270 4753 374 4822 Psyche
392 4751 418 4805 1¹
436 4771 463 4823 p.
479 4760 607 4823 illisqq„
626 4753 910 4824 Lipsius-schomrim
932 4755 980 4810 Gr.
996 4755 1163 4810 Altertalmer
1180 4753 1205 4806 Π
1223 4772 1250 4824 p.
1265 4758 1326 4807 363.

359 4899 385 4964 1)
414 4897 569 4951 ΤΕΛΕΙΜΕ
597 4897 721 4964 ionum„
749 4897 917 4967 praescripti
944 4895 1093 4951 formulam
1122 4896 1284 4950 sollemnem
1312 4895 1400 4950 latare
1422 4896 1495 4950 vidit
1517 4895 1577 4962 W.;
