3434 5464
220 235 285 300 286
733 233 847 290 Lacus
867 233 1007 289 SACRAE

220 404 276 463 heo
300 405 458 464 severitate
480 404 637 463 remissum
660 395 747 480 esu),
769 405 870 462 tamen
893 403 998 462 multis
1019 403 1092 462 locis
1112 401 1235 462 eandem
1253 404 1349 481 legem
1368 403 1534 463 obtinuisse

221 504 294 562 setis
318 493 471 583 consenti)
509 500 574 570 Qua
597 503 628 560 in
652 519 683 560 re
707 502 770 560 eine
793 500 884 560 dubio
907 520 944 559 ne
966 500 998 560 id
1021 500 1143 576 quidem
1166 501 1278 560 nullius
1303 504 1368 560 eret
1387 504 1533 561 momenti

219 618 283 658 rem
319 600 451 660 divinam
489 601 678 659 coniunctam
714 599 806 659 fuisse
843 619 910 659 cum
947 591 1088 678 epulis⁶);
1123 617 1183 674 qua
1218 601 1335 658 ratione
1367 603 1533 658 commotos

220 699 268 758 vel
301 716 362 773 eos,
396 696 504 773 quibus
535 697 711 775 religionem
743 697 899 772 entiqueru
930 697 1009 756 tueri
1039 715 1147 772 perum
1179 696 1261 756 cordi
1292 699 1370 770 eret,
1401 699 1534 776 peregri-

220 797 266 855 nis
290 795 486 854 admittimdia
514 795 687 854 adversatos
715 812 778 855 esse
800 795 995 872 intellegitur,
1040 793 1153 853 Iterum
1177 793 1215 852 ad
1242 797 1362 870 privata
1385 794 1534 854 sacrificia

220 894 384 971 peregrinis
412 893 542 969 plurime
574 893 687 968 temple
715 893 778 951 sine
805 893 867 952 ullo
897 892 988 951 dubio
1018 891 1176 968 petebant,
1207 892 1337 964 licetea
1360 893 1534 953 condicione

220 995 299 1051 sieut
316 990 441 1067 Delphis
456 983 557 1072 (δηίλ8
571 984 651 1072 484)
670 993 705 1048 ut
723 992 796 1050 eivie
820 991 946 1050 alieuius
965 1008 1087 1065 operam
1106 989 1289 1050 adhiberent.
1330 991 1393 1050 Neo
1410 993 1533 1050 omnino

220 1108 274 1165 pro
298 1091 378 1148 certo
399 1088 610 1149 affirmaverim
629 1089 752 1164 templa,
776 1107 852 1164 quae
871 1088 954 1148 adire
973 1105 1074 1147 omnes
1096 1089 1217 1147 omnino
1231 1088 1382 1166 peregrini
1396 1091 1533 1147 vetaren-

220 1189 279 1261 tur,
302 1187 365 1246 ulle
388 1177 527 1267 fuissel);
550 1189 654 1245 contra
676 1185 777 1260 fuisse,
799 1184 877 1245 unde
901 1187 998 1246 certae
1021 1189 1124 1262 gentes
1149 1185 1329 1246 Graecorum
1351 1189 1534 1261 arcerentur,

220 1305 280 1344 non
311 1285 368 1344 hee
395 1286 525 1359 primum
557 1284 623 1361 lege
651 1283 741 1342 Paria
769 1285 970 1362 eognovimus.
1015 1283 1243 1343 Nobilissimum
1271 1285 1332 1343 fere
1364 1284 1533 1360 exemplum

220 1383 358 1458 idemque
385 1382 474 1440 huius
501 1383 577 1460 legis
605 1381 805 1456 simillimum,
833 1381 913 1457 quod
940 1382 1002 1439 iam
1024 1381 1163 1440 Homolle
1186 1383 1299 1454 attuit,
1326 1381 1423 1441 verbis
1446 1401 1533 1457 prae·

220 1480 320 1553 betur,
343 1480 450 1556 quibus
480 1477 665 1538 Cleomenem
692 1497 790 1538 arcem
817 1479 1005 1538 Athenarum
1032 1479 1219 1540 sacrificandi
1246 1497 1336 1539 eausa
1363 1481 1533 1557 ingressum

220 1578 359 1654 prohibet
386 1577 521 1636 sacerdos
550 1573 674 1658 (Herod.
694 1577 719 1632 V
742 1569 797 1656 72)
821 1569 844 1636 ὦ
872 1578 947 1650 ξεῖνε
970 1575 1204 1656 Λακεδαιμόνιε,
1231 1575 1321 1636 πάλιν
1348 1576 1434 1657 χώρει
1457 1573 1534 1654 μηδὲ

220 1674 300 1735 λ’σιθι
323 1673 353 1748 ές
376 1673 408 1736 τὸ
432 1673 508 1754 ίρδν·
539 1672 574 1734 ού
603 1671 658 1755 γὰρ
681 1672 805 1752 θεμιτὸν
828 1678 975 1753 Δωριεῦσι
1002 1671 1138 1754 παριέναι
1162 1671 1294 1734 ἐνθαῦτα
1317 1675 1356 1733 ed
1380 1693 1457 1750 quae
1479 1675 1532 1734 ille

222 1765 260 1833 ‘d
284 1772 383 1852 γύναι,
406 1767 468 1832 ἀλλ’
495 1770 530 1832 οὐ
554 1771 687 1850 Δωριεύς
710 1771 779 1849 εἰμι,
802 1765 865 1832 ἀλλ’
888 1764 1024 1851 Ἀχαιός]
1064 1773 1178 1832 Deinde
1200 1771 1280 1832 idem
1303 1772 1473 1832 Herodotus
1496 1773 1532 1832 de

219 1871 417 1949 Amphiareio
426 1867 537 1946 Oropio
549 1869 724 1929 traditVHI
733 1871 795 1930 134
806 1865 814 1893 ‘
824 1869 967 1949 Θηβαίων
977 1867 1078 1930 οὐδενί
1087 1868 1177 1942 ἔξεστι
1188 1868 1387 1947 μαντεύεσθαι
1396 1868 1505 1930 αὐτόθι
1512 1866 1533 1948 ’,

219 1968 251 2028 id
270 1968 351 2045 quod
369 1970 433 2028 eine
451 1967 541 2027 dubio
561 1969 728 2044 antiquitus
747 1971 882 2028 sanctum
906 1971 978 2028 erat.
1017 1967 1184 2046 Antiquam
1202 1971 1276 2028 item
1293 1969 1469 2048 religionem
1488 1989 1533 2028 re-

220 2065 320 2126 dolere
342 2066 417 2125 mihi
440 2065 558 2125 videtur
581 2065 660 2124 Plut.
681 2064 769 2134 Quae.
789 2065 873 2124 Rom.
898 2067 937 2124 16
962 2062 995 2125 ἐν
1013 2065 1184 2148 Χαιρωνείᾳ
1205 2063 1263 2145 ιτρδ
1286 2073 1339 2125 τοῦ
1363 2073 1458 2144 σηκοῦ
1480 2073 1534 2144 τῆς

220 2161 396 2235 Λευκοθέας
424 2160 439 2224 δ
468 2161 614 2244 νεωκόρος
646 2160 745 2242 λαβὼν
773 2162 898 2243 μάστιγα
924 2163 1076 2242 κηρύσσει·
1110 2161 1151 2240 μὴ
1185 2162 1293 2223 δοῦλον
1322 2161 1458 2241 εἰσιέναι,
1491 2162 1533 2241 μὴ

221 2261 342 2338 δούλαν,
367 2261 407 2339 μὴ
423 2260 568 2340 Αἰτωλὸν,
592 2259 632 2340 μὴ
653 2257 809 2321 Αίτωλάν.’
847 2261 975 2320 Paulum
998 2261 1075 2321 alius
1099 2263 1215 2339 generis
1238 2263 1309 2321 eunt
1332 2261 1391 2322 duo
1414 2262 1533 2339 reliqua

221 2360 365 2435 exempla,
388 2359 489 2418 eodem
513 2363 615 2418 tamen
638 2362 801 2437 pertinent:
824 2359 884 2418 vn
903 2379 928 2418 a.
944 2358 1011 2418 Chr.
1030 2360 1150 2419 saeculo
1175 2359 1240 2419 Elei
1263 2359 1397 2420 Isthmiis
1420 2361 1533 2420 exclusi

220 2449 330 2536 sunt⁸)‚
339 2457 586 2534 LampsaceniVI
595 2456 713 2517 saeculo
728 2476 762 2516 eo
773 2475 876 2535 egone,
891 2477 978 2533 quem
990 2455 1213 2517 Ohemonesitae
1226 2459 1257 2515 in
1267 2457 1411 2517 honorem
1419 2457 1533 2517 Miltia·

221 2557 266 2616 dis
276 2557 398 2615 maioris
408 2557 520 2614 mortui
533 2556 727 2614 instituerent
736 2545 909 2637 (HerodVI
920 2547 986 2636 38).
1013 2554 1106 2614 Plura
1120 2555 1256 2630 exempla
1268 2553 1365 2615 adhuc
1375 2574 1435 2614 non
1449 2555 1534 2616 inno·

309 2826 337 2893 4)
364 2822 571 2892 neglegendum
590 2838 645 2876 non
666 2825 709 2876 eet
726 2821 863 2877 foetorum
877 2821 1071 2890 Myconiorum
1089 2821 1125 2877 de
1144 2838 1178 2877 ea
1191 2838 1221 2877 re
1235 2823 1430 2878 testimonium
1443 2822 1534 2893 (Prott

221 2922 247 2958 n.
263 2910 288 2971 4,
308 2903 390 2975 Syll.¹
410 2905 484 2972 e1e):
510 2902 557 2956 hie
576 2903 650 2958 inter
669 2902 765 2956 decem
785 2901 935 2969 sacrificia,
955 2919 1073 2972 quorum
1097 2902 1165 2956 ordo
1184 2901 1378 2968 constituitur,
1402 2919 1459 2955 non
1476 2903 1533 2956 niei

221 2985 255 3038 de
274 2998 330 3037 uno
349 2983 523 3052 praecipitur
541 2981 610 3056 ξένῳ
630 2983 663 3036 οδ
681 2980 765 3052 θέμις
783 2985 818 3052 (ε.
834 2985 892 3052 26);
915 2999 967 3036 nee
985 2999 1050 3036 vero
1069 2986 1136 3036 aunt
1154 2982 1265 3050 antiqui
1283 2982 1364 3049 festi,
1388 2983 1475 3037 immo
1494 2981 1534 3036 ΠΙ

220 3065 340 3118 exeunte
358 3063 401 3117 vel
419 3063 445 3116 H
468 3063 583 3118 ineunte
607 3061 719 3116 saeculo
737 3063 868 3132 inscripti
887 3077 967 3116 saera
985 3061 1131 3116 continent
1149 3063 1208 3116 eive
1226 3079 1299 3117 nova
1321 3062 1455 3116 instituta
1473 3063 1532 3116 aive

219 3146 331 3199 vetuste
350 3145 523 3198 commutata
536 3143 601 3212 (vid.
620 3159 645 3196 v.
661 3148 730 3196 3-b
751 3159 814 3196 oum
833 3145 980 3197 comment.
996 3141 1117 3212 Prottii).
1151 3141 1190 3196 ef.
1207 3143 1293 3197 etiem
1307 3141 1407 3211 (Dem.)
1422 3141 1483 3195 LIX
1497 3147 1531 3196 86

220 3226 273 3279 οὐκ
291 3224 395 3290 ἔξεστιν
414 3225 484 3295 αὐτῇ
500 3224 662 3294 (adulterae)
682 3223 777 3278 ἐλθεῖν
796 3223 835 3286 εἰς
855 3221 939 3278 οὐδὲν
957 3231 1012 3277 τῶν
1032 3221 1115 3290 tendo
1132 3229 1188 3276 τῶν
1207 3225 1374 3292 δημοτελῶν,
1394 3221 1467 3284 είςᾶ
1484 3222 1533 3276 καί

220 3305 271 3374 τὴν
294 3303 378 3375 ξένην
401 3305 450 3358 καὶ
472 3303 524 3374 τὴν
548 3304 652 3374 δούλην
675 3302 770 3358 ἐλθεῖν
794 3301 924 3369 ἐξουσίαν
944 3303 1045 3358 ἔδοσαν
1064 3301 1093 3356 σί
1116 3299 1196 3372 νόμοι
1221 3303 1269 3356 καί
1286 3301 1465 3372 θεασομένην
1484 3303 1532 3356 καὶ

221 3385 421 3440 ἱκετεύσουσαν
445 3383 562 3440 εἰσιέναι
584 3387 614 3439 et
641 3383 675 3437 de
698 3383 797 3438 Itoniie
817 3383 977 3453 Amorginie
1002 3383 1114 3437 decreta
1138 3381 1177 3436 111
1205 3382 1311 3437 saeculi
1334 3382 1534 3454 Dittenberger

220 3465 302 3537 spu*
322 3472 420 3534 tltsq.
441 3465 554 3534 (blichel
574 3468 644 3534 378).

310 3566 336 3634 b)
364 3564 516 3633 praecipue
540 3562 659 3617 decretis
687 3561 843 3616 honorariis
871 3565 1002 3630 apparet,
1031 3560 1133 3630 quibua
1157 3561 1335 3631 exceptiones
1359 3563 1531 3616 sanciuntur.

221 3643 313 3697 Etiam
337 3661 400 3698 oum
427 3643 547 3714 legimus
577 3643 653 3712 opud
675 3642 812 3696 Batonem
836 3640 987 3710 Sinopeum
1007 3641 1082 3712 (Ath.
1098 3640 1161 3695 XIV
1179 3659 1206 3711 p.
1222 3643 1307 3711 640a)
1331 3641 1366 3696 de
1389 3641 1531 3696 Theaualie

220 3724 347 3788 θύοντας
365 3724 414 3777 Διί
437 3720 569 3796 Πελωρίῳ
593 3754 625 3763 -
646 3753 679 3762 -
704 3721 791 3784 οὕτως
814 3720 1020 3790 φιλάνθρωπον
1043 3721 1094 3790 τὴν
1117 3719 1277 3792 πανήγυριν
1302 3726 1441 3776 συντελεῖν
1465 3721 1532 3776 ὥστε

221 3803 269 3856 καί
286 3804 351 3866 τούς
370 3801 467 3869 ξένους
480 3802 609 3866 ἅπαντας
623 3802 669 3858 trel
682 3801 734 3870 τὴν
747 3798 853 3870 θοίνην
866 3801 1107 3872 παραλαμβάνειν,
1127 3801 1201 3855 hano
1215 3800 1417 3856 liberalitatem
1430 3805 1531 3856 notatu

221 3882 337 3954 dignam
355 3882 445 3937 videri
464 3882 608 3938 sentimus.

311 3984 336 4051 6)
364 3980 430 4035 inde
449 3979 489 4048 fit,
507 3983 540 4034 ut
558 3979 680 4049 populus
699 3996 763 4034 oum
782 3996 865 4049 quem
883 3980 1063 4050 peregrinum
1083 3978 1197 4033 admitti
1215 3979 1303 4048 iubet,
1322 3981 1480 4050 portionem
1499 3997 1532 4034 ex

220 4061 312 4130 epulis
331 4062 357 4116 ei
376 4061 464 4115 tribui
483 4060 587 4115 diserte
606 4059 710 4114 iubeat.

311 4161 336 4228 7)
365 4161 445 4213 caute
468 4157 638 4214 testimoniis
660 4158 798 4212 utendum
820 4160 876 4224 ert,
899 4157 977 4211 velut
1000 4156 1023 4211 ei
1043 4157 1106 4226 quie
1125 4174 1141 4211 e
1159 4156 1307 4211 notissime
1330 4157 1365 4211 de
1384 4156 1533 4212 Cleomene

221 4240 382 4293 narratione
406 4239 517 4309 (Herod.
529 4237 567 4292 VI
582 4243 614 4292 81
640 4237 684 4305 ἤιε
707 4237 734 4300 ἐς
757 4238 788 4292 τὸ
809 4233 928 4304 Ἡραῖον
950 4237 1061 4292 θύσων·
1088 4235 1258 4309 βουλόμενον
1282 4236 1314 4292 δὲ
1336 4237 1424 4292 αὐτὸν
1447 4237 1533 4292 θύειν

221 4319 267 4374 ἐπὶ
294 4327 344 4374 τοῦ
373 4321 466 4391 βωμοῦ
494 4318 509 4374 ὁ
538 4317 613 4386 ἱρεὺς
640 4315 797 4388 ἀπηγόρευε
821 4317 878 4386 φὰς
905 4317 957 4371 οὐκ
986 4314 1064 4372 ὅσιον
1093 4313 1166 4372 εἶναι
1194 4315 1275 4390 ξείνῳ
1302 4314 1407 4372 αὐτόθι
1436 4317 1532 4387 θύειν)

222 4398 367 4469 collegerit
394 4399 431 4452 ad
458 4399 597 4454 Heraeum
625 4397 734 4452 nullum
761 4397 918 4468 peregrinis
950 4397 1059 4451 editum
1092 4396 1194 4464 suinae,
1226 4413 1323 4452 vereor
1348 4413 1384 4452 ne
1412 4397 1533 4450 nimium

222 4477 351 4548 colligat,
382 4479 486 4534 etenim
513 4479 642 4533 sacerdos
673 4477 867 4545 sacrificando,
895 4494 951 4531 non
976 4477 1107 4532 intrando
1133 4493 1229 4548 regem
1255 4477 1414 4547 prohibuit,
1442 4493 1533 4546 eoque

222 4561 348 4626 spectare
374 4559 469 4627 potuit
495 4575 530 4613 ne
560 4558 624 4629 quia
655 4559 820 4629 peregrinus
853 4557 913 4628 ipee
946 4557 1007 4611 sine
1040 4557 1107 4612 oivie
1141 4557 1303 4612 adiumento
1336 4574 1394 4611 rem
1422 4575 1533 4612 sacram

223 4637 334 4693 feceret.

310 4738 337 4806 8)
364 4735 438 4790 Plut.
459 4735 493 4790 de
518 4736 726 4806 Pyth.or.13;
754 4735 888 4790 nimirum
911 4735 971 4790 Elei
994 4735 1051 4805 ipei
1074 4751 1104 4790 aa
1127 4753 1179 4790 eua
1202 4738 1302 4806 sponte
1324 4734 1444 4790 Isthmia
1467 4751 1533 4790 eon·

222 4814 361 4870 celebrare
381 4816 551 4872 reoueevisse
570 4816 702 4871 dicebant
720 4815 812 4888 (Peue.
827 4815 852 4870 V
868 4821 892 4884 2,
903 4821 938 4887 2).
