3450 5458
717 305 967 362 ermonense
1244 257 1250 270 ⁸
1393 273 1492 376 ''10'1

180 495 210 551 p.
226 468 288 554 sss,
307 493 351 552 ee,
375 494 452 551 quse
476 474 554 552 apud
573 475 682 535 Athen.
699 475 743 534 XI
762 478 848 536 4730
868 468 1065 556 Ἀντικλείδης
1088 475 1120 538 ἐν
1139 483 1178 562 τῷ
1200 473 1380 563 Ἐξηγητικῷ
1396 481 1494 542 docet:

179 568 274 646 ‘Aede
296 573 419 652 κτησίου
442 577 549 652 σημεῖα
571 573 727 653 ἱδρύεσθαι
750 572 804 654 χρὴ
828 565 898 635 ὧδε·
921 575 1064 636 καδίσκον
1086 575 1191 637 καιυδν
1215 578 1322 639 δίωτον
1346 577 1494 658 ἐπιθημα·

178 680 289 733 τούντα
312 670 420 748 στέψαι
447 671 482 732 τά
509 663 569 732 ὦτα
595 670 663 758 ἕρίρι
689 675 782 756 λευκῷ
805 670 855 733 καδ
878 670 911 734 ἐκ
933 681 985 733 τοῦ
1010 673 1093 752 ὤμου
1114 683 1168 735 τοῦ
1192 675 1290 749 δεξιοῦ
1314 675 1363 737 καλ
1386 675 1419 738 ἐκ
1441 687 1493 739 τοῦ

179 770 317 850 μετώπου
334 817 340 829 .
356 817 363 829 .
379 817 408 830 ..
427 778 480 831 τοῦ
503 770 625 850 κροκίου
648 767 698 831 καί
721 768 853 832 ἐσθεῖναι
877 769 921 832 ὅτι
943 769 980 832 ἀν
1004 771 1093 856 εύργς
1115 770 1166 832 καί
1188 771 1295 854 είσχὲαι
1313 772 1491 855 ἀμβροσίαν·

178 865 199 948 ἡ
224 862 252 930 δ’
274 866 421 949 ἀμβροσία
443 868 524 948 ὕδωρ
543 866 720 948 ἀκραιφνές,
742 867 851 948 ἔλαιον,
874 870 1057 950 παγκαρπία·
1081 869 1155 949 δίπερ
1174 866 1333 955 δ’μβαλεῖθ)
1358 907 1392 914 -
1415 896 1442 935 v.
1464 877 1492 935 5.

179 965 256 1046 μηδὲ
278 966 456 1046 καθαρμούς
478 975 617 1026 ποιῶσινε
641 987 680 1026 ιο,
699 987 758 1028 non
783 987 878 1045 equae
900 969 1102 1044 lustrationes
1126 990 1252 1047 quorum
1276 990 1366 1032 cause
1389 974 1491 1034 fenum

179 1067 263 1127 edire
286 1086 361 1144 opus
384 1086 443 1126 non
467 1069 541 1140 eret,
564 1066 615 1126 sed
638 1067 766 1128 maiores
789 1066 857 1126 illes
881 1070 912 1126 et
934 1067 1126 1144 difficiliores,
1151 1069 1253 1145 qusles
1272 1070 1414 1131 describit
1432 1072 1492 1131 Dc-

179 1166 300 1226 rotheus
329 1185 364 1224 ex
387 1164 621 1242 Eupntridsrum
648 1165 733 1225 libris
757 1157 841 1247 (Ath.
860 1165 904 1224 IX
923 1156 1027 1246 410b)
1055 1163 1122 1244 περί
1148 1173 1200 1244 τῆς
1228 1175 1286 1227 τῶν
1313 1168 1416 1230 ἱκετῶν
1439 1193 1491 1230 κα-

178 1263 327 1342 θάρσεως·
356 1259 471 1324 ’ἔπειτα
494 1260 720 1340 ἀπονιψάμενος
742 1261 831 1336 αὐτὸς
854 1260 904 1322 καί
927 1263 959 1323 οί
978 1260 1061 1324 ἀλλοι
1082 1263 1115 1324 οί
1140 1266 1387 1347 σπλαγχνεύοντες
1410 1267 1491 1349 ὕδωρ

178 1359 280 1440 λαβὼν
307 1361 449 1440 κάθαιρε,
481 1358 600 1433 ἀπόνιζε
628 1358 660 1421 τὸ
688 1353 761 1438 αἷμα
787 1369 840 1421 τοῦ
868 1357 1090 1440 καθαιρομένου
1113 1359 1163 1422 καί
1186 1362 1257 1441 μετὰ
1279 1362 1311 1424 τὸ
1338 1362 1492 1445 ἀπόνιμμα

178 1458 363 1537 ἀνακινήσας
386 1459 428 1532 είς
451 1457 538 1520 ταύτδ
567 1455 664 1540 ἔγχεε)
690 1493 730 1502 —-
755 1460 892 1554 Denique
916 1457 990 1538 μηδὲ
1018 1459 1092 1540 πρὸς
1118 1458 1189 1532 τούς
1214 1461 1336 1540 βωμοὺς
1361 1461 1436 1541 μηδὲ
1459 1463 1490 1526 τὸ

178 1557 308 1639 μέγαρον
331 1558 506 1637 προσίωσινι
534 1577 572 1618 sc.
597 1578 633 1618 ne
657 1561 724 1635 quis
748 1561 810 1618 sine
834 1557 986 1619 secerdote
1009 1559 1189 1618 sacrificaret
1213 1551 1264 1640 (of.
1284 1581 1311 1619 n.
1331 1562 1371 1620 41
1397 1583 1490 1641 παρα-

178 1656 277 1735 βώμια
309 1653 340 1716 δὲ
369 1654 409 1734 μὴ
437 1649 556 1737 θύειν),
592 1675 773 1733 quemquam
805 1676 913 1735 negare
946 1658 1014 1715 nolo
1047 1659 1111 1715 turn
1143 1677 1260 1733 quoque
1293 1661 1370 1718 sicut
1403 1661 1491 1720 hodie

178 1754 343 1814 cavendum
381 1756 485 1830 fuisse,
522 1775 558 1813 ne
594 1755 748 1815 hominum
789 1755 924 1815 socordis
966 1757 1019 1814 sut
1059 1757 1194 1832 nequitia
1235 1756 1371 1818 aedificis
1408 1778 1491 1820 secra

178 1855 321 1913 damnum
344 1855 484 1912 facerent.
528 1852 665 1913 Ceterum
688 1874 724 1912 ne
746 1854 801 1914 hoc
821 1855 851 1914 et
869 1856 967 1912 cetere
985 1857 1145 1930 praecepte
1164 1857 1313 1915 severiore
1332 1857 1490 1932 existimes,

178 1951 340 2011 tenendum
373 1954 418 2010 est
450 1951 594 2012 nonnulle
626 1952 747 2011 deorum
775 1953 888 2028 templs
915 1952 1090 2028 plerumque
1117 1955 1237 2012 omnino
1270 1954 1372 2014 clausu
1400 1956 1490 2016 fuisse

178 2052 326 2128 certisque
345 2051 440 2110 solum
459 2050 563 2110 diebus
582 2051 630 2110 vel
652 2050 725 2110 adeo
745 2071 804 2110 uno
827 2051 920 2110 totius
944 2052 1016 2110 enni
1035 2050 1081 2110 die
1100 2053 1240 2128 petuisse.
1250 2044 1275 2134 ⁷)

269 2169 295 2207 v.
317 2151 335 2208 9
359 2149 506 2229 πληροσία
529 2150 659 2208 occurrit
681 2153 800 2225 praeter
822 2149 900 2208 hunc
922 2149 1021 2208 locum
1044 2149 1074 2207 in
1098 2149 1174 2208 decr.
1194 2150 1395 2224 Myrrhinusio
1419 2144 1456 2233 (ί
1462 2153 1489 2212 G

177 2248 209 2308 Π
229 2248 292 2306 578
313 2273 355 2295 =
374 2247 484 2308 Michel
509 2240 587 2329 150)
611 2268 638 2308 v.
659 2250 698 2308 32
711 2266 775 2324 sqq.
798 2255 846 2326 τίμ
879 2241 925 2326 [δὲ
953 2241 1090 2326 πίμπτ]ει
1117 2245 1215 2308 θυέτω
1243 2246 1297 2326 τὴν
1325 2249 1489 2330 πληροσίαν

178 2343 194 2406 δ
219 2344 368 2427 δήμαρχος
390 2353 443 2406 τῶι
457 2342 508 2406 Ast
530 2343 602 2406 ἀπδε
627 2337 814 2426 [Ἶδραχμῶν
836 2342 901 2422 κ]αδ
923 2341 1031 2422 νεμέτω
1055 2342 1090 2404 τά
1112 2341 1182 2424 κρέα
1205 2350 1251 2406 τεῖ
1268 2343 1387 2425 ἑβδύμει
1410 2347 1488 2407 ἱστα-

178 2441 270 2522 μένου
293 2449 355 2517 τοῖς
373 2438 536 2523 π[ωληταῖς
555 2441 620 2520 κ]αὶ
639 2443 890 2524 συναγοροίζουσιν
909 2441 959 2503 καί
982 2435 1293 2524 συνενεγυρύ(ζ)ουσιν
1312 2468 1331 2504 α
1339 2491 1479 2504 .......

186 2590 235 2601 ...
246 2557 291 2618 μι·
315 2549 363 2621 τῆι
387 2539 418 2602 δὲ
442 2540 536 2603 εὐοίιει
559 2539 606 2602 ἐπὶ
626 2539 697 2602 δίκα
715 2549 768 2602 τοῦ
787 2536 1007 2620 Ποσιδεῶνίος]
1031 2534 1171 2622 μ(η)ν[ἀς
1189 2537 1388 2622 χρηματίζε]ιν
1407 2539 1488 2624 πείρδ

176 2634 363 2719 Διον]υσίων
386 2645 443 2700 κτλ.
477 2641 539 2700 Iam
560 2640 751 2700 Kumeuudcs
774 2640 818 2700 its
838 2636 934 2699 ’κατὰ
953 2636 1145 2714 τραυλιεμόν
1164 2635 1252 2699 τινα’
1272 2660 1325 2716 pro
1349 2661 1383 2700 eo
1409 2642 1488 2717 quod

177 2741 238 2800 dici
265 2739 391 2799 debebat
417 2739 581 2819 προηροσία
610 2739 721 2798 dictum
753 2759 814 2799 esse
844 2740 1019 2798 coniecerat.
1066 2737 1099 2795 Id
1128 2738 1206 2814 quod
1236 2759 1330 2814 nuper
1353 2739 1487 2799 Solrnsen

175 2837 317 2914 probavit
329 2830 355 2918 ⁸)
388 2838 455 2898 coll.
483 2838 583 2917 glossa
610 2835 751 2914 Hesychii
778 2837 955 2917 πριμροσίαν·
990 2836 1102 2896 θυσίαν
1129 2835 1194 2896 τινὰ
1224 2830 1405 2916 Ἀθήνησιν,
1436 2839 1487 2898 ubi

176 2937 306 2996 mediam
333 2939 412 2996 inter
439 2940 597 3013 utrumque
625 2935 752 2995 formem
780 2937 892 2995 servari
915 2937 1015 2994 censet
1042 2937 1178 3011 exempla
1200 2936 1311 2996 vocalis
1334 2957 1350 2997 ο
1375 2941 1444 2996 ente
1468 2960 1488 3015 η

176 3035 268 3096 elisae
300 3035 425 3094 offerens
457 3034 651 3115 πρηγορεύων
684 3027 917 3115 (προαγορευτής
944 3029 965 3112 ἢ
995 3031 1166 3111 δημοκόπος
1193 3033 1320 3110 Hesyoh.
1345 3053 1366 3093 s
1386 3027 1428 3118 v.)
1458 3043 1488 3095 et

175 3131 336 3214 πρηγορών
360 3125 490 3212 (Ἵίνομί
507 3135 559 3192 der
580 3123 741 3214 l⁷oyel')?)‚
763 3131 909 3212 πληροσία
933 3135 1032 3191 autern
1054 3151 1069 3190 e
1093 3131 1241 3212 πρηροσία
1264 3134 1342 3192 sicut
1359 3131 1486 3193 ναύκλα-

176 3253 229 3310 ρος
252 3251 267 3292 e
292 3231 458 3312 ναύκραρος
485 3230 712 3292 dissimilatione
740 3231 869 3307 quodem
897 3233 995 3289 ortum
1023 3233 1165 3290 statuens.
1213 3230 1289 3289 Sunt
1315 3249 1386 3291 sene
1411 3250 1487 3307 quse

176 3331 246 3390 huic
269 3332 433 3390 sententiae
456 3348 623 3408 repugnare
647 3329 818 3406 videantur3
841 3349 936 3405 neque
960 3330 1038 3388 enim
1062 3328 1135 3386 alibi
1153 3327 1310 3388 Proerosis
1328 3329 1425 3390 adhue
1442 3331 1486 3388 in·

175 3431 340 3490 notuerunt
362 3427 422 3487 nisi
439 3419 628 3504 Eleusinem)
659 3431 689 3486 et
716 3427 818 3488 eedem
847 3427 1003 3487 sollemnia
1025 3427 1157 3486 eiusdem
1183 3429 1359 3504 praesertim
1382 3429 1487 3505 populi

176 3526 281 3586 eodem
299 3528 418 3586 nomine
436 3526 583 3603 appellari
603 3527 812 3602 expectaveris.
836 3525 929 3586 Porro
943 3557 986 3565 —
1001 3527 1031 3584 et
1044 3524 1075 3582 id
1092 3525 1213 3584 maioris
1227 3527 1370 3584 momenti
1385 3528 1429 3585 est
1442 3558 1485 3568 -

175 3628 346 3701 temporum
373 3625 504 3684 rationes
534 3643 594 3684 non
626 3626 699 3684 setis
727 3625 883 3684 convenire
909 3623 1062 3682 videntur:
1093 3622 1124 3681 in
1152 3625 1199 3682 tit.
1222 3624 1334 3699 Myrrh.
1359 3643 1393 3684 eo
1420 3625 1486 3701 ipso

175 3724 252 3798 loco,
275 3742 335 3799 quo
358 3723 503 3799 plerosiee
522 3724 634 3782 mentio
654 3723 695 3796 fit,
719 3723 827 3782 mensis
847 3741 953 3782 nomen
973 3721 1068 3797 deest;
1091 3725 1144 3780 out
1166 3723 1269 3800 igitur,
1289 3724 1430 3798 quonism
1449 3743 1485 3782 ne

176 3820 326 3882 antecedit
349 3821 469 3897 quidem
491 3823 600 3881 mensis
623 3823 744 3896 mentio,
768 3821 888 3880 omnino
911 3839 970 3880 non
994 3822 1068 3880 cerii
1091 3821 1246 3880 cuiusdam
1268 3821 1377 3880 mensis
1396 3824 1484 3880 secri-

175 3921 285 3995 lioium,
304 3919 355 3980 sed
373 3922 558 3980 menstruum
577 3919 696 3994 dicitur,
718 3918 749 3977 id
768 3919 848 3995 quod
867 3922 967 3978 temen
988 3920 1052 3980 500
1068 3917 1196 3977 drschm.
1213 3921 1310 3996 pretio
1328 3938 1388 3978 non
1408 3937 1485 3980 corn·

174 4042 390 4052 ......—---—--

267 4111 293 4178 6)
313 4107 347 4164 cl.
363 4125 435 4176 quse
454 4107 489 4162 de
507 4107 560 4162 hec
579 4124 609 4162 re
628 4107 699 4162 bene
717 4107 847 4177 exposuit
860 4105 1145 4176 Lipsius-Schdmenn
1163 4107 1210 4162 Gr.
1222 4106 1294 4163 Ale!
1307 4107 1333 4160 11
1347 4126 1373 4177 p.
1386 4112 1483 4176 191sq.

267 4192 292 4258 ’1)
312 4189 347 4243 cf.
367 4205 390 4244 e.
405 4208 431 4259 g.
451 4207 478 4242 n.
495 4193 509 4242 1
529 4205 552 4241 v.
570 4195 616 4256 19,
635 4191 782 4259 praeterea
800 4185 957 4242 PsusVIII
971 4193 1014 4255 41,
1027 4194 1052 4256 ὁ,
1071 4187 1108 4240 IX
1129 4193 1197 4254 ¹⁰³⁶
1217 4191 1246 4242 et
1264 4193 1306 4254 25,
1319 4193 1344 4256 3,
1362 4187 1386 4242 X
1402 4193 1484 4256 δατ,

174 4269 354 4326 notissimum
374 4273 417 4324 est
434 4269 594 4340 exemplum
611 4269 672 4324 feni
690 4267 808 4338 Dionysi
828 4269 859 4323 ἐν
876 4265 998 4337 Λίμναις
1016 4268 1056 4338 (in
1073 4267 1173 4323 Neeer.
1189 4271 1240 4340 76).

266 4353 293 4417 s)
312 4351 411 4405 nucis.
428 4351 503 4405 Μαι.
519 4349 580 4404 LIII
599 4352 734 4428 (1898),).
753 4355 811 4403 εει.

265 4433 292 4501 9)
317 4431 347 4486 Β.
362 4429 426 4485 Keil
444 4433 536 4486 Ακοκ.
552 4432 665 4502 Arcem.
684 4448 711 4500 p.
727 4429 793 4484 221⁸
811 4428 894 4484 addit
911 4445 1066 4500 cognomen
1086 4425 1251 4500 Νημονίδης
1269 4431 1299 4500 (l
1304 4430 1330 4485 G
1348 4429 1372 4483 ll
1392 4429 1483 4500 suppl.

174 4513 253 4582 Sili)
277 4527 292 4566 e
316 4509 498 4582 Νοημονίδης
527 4513 632 4578 ortum3
660 4510 695 4566 cf.
719 4509 806 4566 etism
831 4525 956 4565 mensem
979 4509 1163 4579 Epidaurium
1186 4508 1373 4579 Πραραίτιος,
1401 4527 1484 4579 quem

173 4594 250 4648 idem
270 4591 333 4646 Keil
353 4593 454 4662 (MAI
467 4591 518 4645 XX
536 4610 564 4661 p.
581 4597 613 4645 79
634 4591 696 4645 sdn.
717 4593 747 4645 et
764 4609 790 4660 p.
806 4593 869 4662 425)
889 4590 1067 4660 Προηρύσιον
1085 4590 1296 4661 interpretetur.

248 4675 292 4742 10)
310 4673 343 4726 A.
359 4672 514 4727 Mommsen
538 4673 617 4728 Festo
635 4673 660 4725 d.
681 4673 719 4728 st.
735 4671 826 4727 Athen
848 4675 993 4742 p.192sq.
1014 4671 1175 4741 (praecipue
1194 4671 1258 4725 οδω.
1273 4674 1313 4742 4),
1342 4671 1391 4725 sed
1414 4673 1484 4726 estis

172 4755 286 4808 infirme
304 4753 375 4808 hoec
393 4753 467 4807 ratio
486 4756 538 4820 est,
556 4768 623 4806 unm
641 4753 797 4807 cretionem
816 4753 902 4807 enoris
921 4753 1061 4821 suspicari
1076 4752 1233 4821 antiquitus
1248 4751 1384 4807 sollemne
1397 4751 1485 4807 inisse

172 4849 257 4889 nemo
280 4833 406 4906 negabit
426 4833 616 4888 Romanorum
634 4833 799 4903 praesertim
818 4833 1097 4903 indigitamentorum
1118 4847 1224 4886 memor
1242 4831 1359 4901 (Usener
1379 4831 1484 4888 Gouo-

173 4933 275 4971 nomen
293 4933 320 4987 p.
338 4917 389 4984 76).
