3424 5462
664 335 848 392 AROADlAE
867 354 895 391 n.
910 341 943 390 62
1395 336 1458 402 193
1489 397 1496 420 χ

237 505 256 584 ἓ
277 509 295 566 2
320 506 358 566 ab
381 507 552 582 hierothyta
559 497 599 588 16)
622 525 724 572 eorum
742 524 883 583 pecorum
902 504 1050 583 scriptura
1071 507 1209 584 exigitur,
1232 525 1309 583 quae
1327 503 1458 586 ἀνασκη-

143 603 202 666 θέα
225 609 295 666 sunt
318 607 372 664 ie.
387 606 507 678 vitiosa,
530 624 590 664 non
613 601 766 684 ὁλόκληρα.
803 605 893 664 Ratio
916 606 1075 680 perspicua
1097 604 1170 662 mihi
1194 604 1327 665 ridetur:
1351 608 1457 667 civitas

143 723 212 763 eum
235 704 367 782 integras
389 702 504 763 hostias
527 721 643 778 semper
665 703 784 778 praesto
809 721 871 761 esse
890 704 992 780 magni
1010 703 1176 776 interesset,
1198 705 1353 778 tamquam
1372 723 1458 781 prae-

143 803 239 861 mium
260 801 403 879 proponit
425 802 464 860 iis
488 800 601 860 alendis
620 801 810 860 immunitate
829 801 994 876 scripturae
1014 818 1159 860 concessa.
1195 801 1331 860 Alteram
1350 803 1457 880 capitis

144 903 262 976 partem
284 901 516 975 interpretantes
539 917 610 958 sane
633 899 736 958 statim
759 900 914 960 haeremus
937 900 969 958 in
992 899 1108 958 duabus
1129 899 1233 958 formis
1251 897 1408 980 ἒσπερασαι
1428 906 1458 963 et

142 995 305 1076 ἐσπεράση,
333 1016 410 1072 quae
437 995 568 1056 derivari
594 999 720 1073 possunt
744 999 798 1055 aut
820 996 858 1055 ab
881 995 1023 1076 ternodo,
1046 995 1203 1075 ἐκπερᾶσαι
1226 999 1365 1067 trorum,
1388 1017 1458 1074 per·

142 1113 242 1156 meere
264 1097 318 1155 eut
340 1094 378 1154 ab
401 1093 557 1172 ἐκπεράζω,
579 1092 812 1172 inmoderantia
831 1098 1032 1169 transportare
1051 1097 1313 1165 emendicatae,
1336 1099 1458 1158 vmdere

143 1197 198 1252 aut
221 1193 258 1253 ab
282 1189 426 1273 ἐκπειράω
449 1211 471 1252 s.
490 1189 648 1272 ἐκπειράζω
672 1195 806 1266 experiri.
852 1193 966 1253 Berard
995 1194 1124 1269 primam
1147 1193 1287 1253 videlicet
1309 1194 1458 1272 significa-

142 1293 258 1351 tionem
285 1291 402 1350 subesse
430 1293 515 1350 ratus
538 1290 630 1350 vertit
662 1285 794 1365 ‘defense
817 1293 837 1350 d
859 1291 1033 1366 t'ln'arottyte
1059 1291 1095 1350 de
1122 1291 1260 1366 ddpnssrr
1287 1293 1313 1352 le
1339 1295 1457 1353 nombre

143 1391 215 1462 anu
238 1405 316 1448 anna
339 1383 478 1449 declard’.
515 1387 557 1446 At
580 1388 629 1446 hic
652 1406 711 1447 non
730 1388 791 1448 iem
814 1388 851 1448 de
869 1407 1001 1464 numero,
1024 1389 1076 1448 sed
1094 1389 1130 1448 de
1150 1389 1297 1465 qualitate
1315 1409 1457 1468 pecorum

143 1489 254 1566 agitur.
300 1487 478 1548 Danielssou
501 1487 628 1546 alteram
650 1487 808 1564 praetulit:
833 1482 936 1561 ‘penes
958 1488 1148 1563 bierotbytam
1168 1488 1263 1547 solnm
1286 1506 1359 1558 esse,
1382 1507 1457 1561 qnae

142 1589 265 1660 quotque
287 1586 415 1659 pecudes
441 1586 490 1645 sari
515 1587 611 1660 crepis
640 1577 803 1665 (tamqnam
829 1587 925 1646 sacris
951 1584 1096 1660 faciendis
1124 1602 1185 1646 nen
1206 1580 1402 1666 necessariae)
1424 1589 1457 1646 e'n

142 1685 238 1743 aliurn
261 1685 354 1743 lamen
376 1684 455 1742 ceint
475 1685 509 1742 r'n
526 1683 649 1756 prablica
666 1699 783 1756 paenae
806 1683 1027 1757 transferendae
1046 1686 1106 1743 sint
1125 1717 1166 1724 —
1186 1688 1240 1744 ant
1256 1686 1372 1759 potins:
1394 1687 1457 1744 sine

141 1782 319 1856 liincttytae
341 1783 511 1841 enneminta
534 1799 568 1840 eu
585 1797 690 1855 pecore
714 1782 739 1839 ei
757 1781 874 1854 publice
897 1782 1034 1840 attributo
1056 1782 1132 1840 nibil
1150 1800 1169 1841 a
1188 1797 1341 1856 quoquam,
1364 1799 1402 1842 ne
1421 1783 1458 1841 ab

141 1880 372 1939 tiorornnernone
400 1879 528 1954 quidem,
560 1879 726 1938 abalienari
757 1879 803 1938 cel
833 1879 953 1939 dicendi
978 1874 1127 1954 opodne?
1181 1879 1238 1938 Sed
1270 1880 1456 1940 commodam

142 1981 323 2040 sententiam
349 1981 395 2037 ita
422 1977 502 2037 effici
528 1995 588 2037 non
616 1976 757 2052 concedo,
789 1977 881 2036 immo
910 1995 990 2036 rora
1012 1996 1059 2038 res
1081 1978 1127 2037 ita
1148 1977 1277 2036 infertur
1299 1996 1317 2037 a
1340 1979 1456 2038 ratione

142 2078 252 2154 capitis
275 2077 373 2150 huius,
396 2077 524 2136 sirecte
548 2078 653 2151 sentio,
677 2076 789 2150 aliena3
812 2075 860 2135 lex
884 2075 963 2134 enim
985 2075 1034 2134 hic
1052 2075 1163 2135 vitiose
1181 2093 1289 2151 pecora
1307 2096 1368 2136 non
1387 2095 1456 2136 ren-

142 2175 225 2249 dere,
253 2175 305 2234 sed
332 2172 489 2254 ἰνφορβίεν
516 2173 599 2233 iubet
626 2177 657 2234 et
684 2173 722 2234 ad
749 2174 826 2234 hanc
853 2193 916 2233 rem
939 2174 1030 2233 etiam
1054 2173 1181 2232 alteram
1208 2176 1325 2251 partem
1348 2177 1457 2251 capitis

141 2274 292 2350 pertinere
316 2275 447 2349 oportet,
472 2272 560 2332 aliter
582 2271 770 2333 scribendum
791 2272 851 2330 fuit
874 2291 899 2330 e.
913 2291 941 2350 g.
960 2269 1116 2352 ἰνφορβλεν
1134 2269 1185 2331 nni
1204 2273 1251 2331 rel
1269 2269 1290 2352 ἢ
1308 2269 1458 2352 inrequies,

143 2364 215 2448 μηδ’
243 2368 399 2447 ἐσπερᾶσαι
420 2374 479 2430 κτλ.
526 2368 690 2444 Quaerens,
718 2370 790 2446 quid
817 2369 1007 2446 potissimum
1034 2373 1103 2446 post
1126 2388 1273 2428 summam
1295 2371 1458 2447 praecepti,

143 2487 221 2545 quse
244 2467 341 2544 priore
364 2472 450 2544 parte
474 2468 651 2542 continetur,
674 2467 865 2542 desideretur,
889 2467 925 2528 de
948 2486 1089 2544 pecorum
1111 2468 1245 2527 examine
1268 2469 1458 2546 cogitarim

142 2586 202 2643 quo
226 2567 305 2626 inter
327 2567 597 2626 hieromnemonem
621 2569 651 2625 et
673 2566 884 2642 hierothytam,
908 2585 984 2642 quae
1007 2584 1115 2642 pecora
1138 2569 1235 2625 essent
1253 2567 1373 2640 vitiosa,
1396 2585 1458 2624 am·

142 2664 206 2742 bigi
230 2666 339 2740 potuit,
362 2664 518 2742 legemque
541 2665 572 2722 id
596 2665 709 2724 conieci
731 2664 905 2738 instituisse,
928 2666 964 2722 ut
985 2663 1208 2722 hieromnemon
1226 2663 1331 2722 eadem
1354 2681 1458 2722 norma

141 2764 287 2836 uteretur,
311 2780 369 2838 qua
392 2762 445 2821 ille
468 2758 621 2842 λεροθυτές
643 2764 662 2820 i.
678 2781 702 2823 e.
722 2758 916 2842 λεροθντέωνε
940 2761 1043 2837 quales
1065 2760 1178 2821 hostias
1201 2761 1265 2837 ipse
1285 2762 1458 2839 hierothyta

141 2880 175 2919 re
199 2878 285 2919 sacre
306 2861 433 2938 fungens
456 2859 643 2936 repudiabat,
665 2861 741 2920 tales
765 2880 801 2919 ne
826 2859 858 2918 in
882 2877 935 2919 suo
959 2859 1079 2936 quidem
1103 2879 1193 2938 grege
1216 2862 1372 2935 tamquam
1395 2879 1458 2920 eor-

142 2977 216 3035 pore
243 2960 376 3036 integras
404 2976 524 3034 pascere
553 2960 582 3017 ei
608 2957 725 3018 licebat,
771 2958 904 3017 Verbum
935 2958 1030 3036 igitur
1062 2954 1204 3036 innccenter
1232 2957 1350 3017 subesse
1374 2961 1457 3034 puto.

143 3054 202 3115 Sed
225 3075 263 3115 ue
285 3056 363 3116 hanc
387 3055 507 3132 quidem
529 3057 808 3133 interpretationem
831 3055 1018 3116 dubitatione
1041 3054 1167 3115 liberam
1189 3073 1253 3116 esse
1273 3074 1334 3115 non
1352 3058 1458 3135 ignoro

141 3173 240 3230 neque
268 3154 416 3230 explicare
443 3172 573 3230 possum,
605 3157 640 3213 ut
666 3173 761 3212 unum
788 3153 919 3228 afferam,
949 3152 1133 3213 infinitivum
1161 3153 1266 3212 aoristi
1293 3151 1458 3235 ἕκπερᾶσαι,

143 3272 236 3330 quam
264 3252 473 3312 difficultatem
500 3253 591 3312 ceteri
619 3270 679 3311 non
705 3253 883 3331 tetigerunt3
913 3247 989 3330 μηδέ
1016 3270 1134 3329 quoque
1162 3251 1238 3311 illud
1265 3271 1320 3328 pro
1344 3249 1394 3312 nrt
1417 3251 1458 3330 μή

143 3351 276 3412 offendit.

234 3447 292 3524 §3
325 3448 351 3508 si
381 3446 537 3528 λνφορβίεν
564 3449 799 3524 interpretamur
825 3451 1002 3521 rapinam
1030 3451 1154 3523 eripere,
1186 3449 1287 3506 omnia
1318 3451 1398 3508 recte
1427 3466 1458 3508 se

143 3545 264 3620 habent,
287 3547 375 3606 modo
398 3565 435 3606 ne
458 3546 675 3622 hierothytam,
702 3549 739 3605 ut
761 3546 884 3623 quidam
906 3547 1078 3620 voluerunt,
1101 3545 1152 3604 sed
1177 3545 1340 3622 quemlibet
1362 3547 1457 3605 homi·

142 3725 231 3780 annes
253 3741 287 3780 ac
303 3723 428 3794 prudens
446 3724 490 3781 vel
513 3725 576 3780 dolo
599 3725 671 3779 nralo
690 3724 733 3778 vel
756 3723 847 3779 simile
874 3723 996 3792 aliquid,
1020 3723 1055 3778 de
1074 3724 1163 3793 stirpe
1187 3725 1282 3778 antem
1301 3726 1331 3778 et
1349 3723 1457 3794 origine

143 3805 205 3860 eins
224 3819 375 3874 quaerens,
395 3821 459 3860 cum
476 3804 591 3860 verbnm
612 3805 736 3859 λεύσσειν
754 3805 870 3858 notione
888 3803 941 3858 hoe
960 3804 1075 3873 quidem
1095 3806 1193 3872 aptum
1213 3803 1329 3858 dialecti
1346 3802 1458 3858 ratione

142 3885 212 3940 reici
232 3885 390 3952 statuisset,
409 3885 564 3955 comparari
587 3884 671 3938 iussit
690 3884 807 3954 stirpem
826 3883 985 3940 Germanici
1010 3883 1160 3950 interiisti,
1180 3885 1266 3951 leder,
1285 3883 1352 3938 slav.
1367 3885 1458 3954 letati,

144 3966 228 4021 lmate'
247 3966 378 4036 (angerr').
412 3964 503 4030 Quam
522 3965 712 4020 coniecturam
730 3966 842 4020 secutus
857 3963 983 4020 Solmsen
999 3963 1083 4019 vertit
1103 3965 1193 4020 ‘neenn
1211 3981 1248 4031 er,
1267 3965 1293 4019 d.
1308 3965 1458 4020 hieromne-

143 4061 217 4112 mon,
230 4061 283 4100 ans
297 4046 496 4112 indemnitas,
510 4062 563 4101 cns
577 4045 733 4117 lottrr'gbeit,
748 4046 801 4100 di.
812 4062 864 4100 ans
873 4046 1064 4117 leicbtfertiqer
1073 4045 1290 4100 emanantes
1304 4043 1349 4100 dr'e
1362 4045 1457 4100 πολλὰ·

143 4125 246 4196 aaut
263 4125 340 4180 niclrt
357 4125 492 4181 er'ntrerbt'
513 4127 599 4194 atque
619 4126 706 4180 etiam
723 4124 784 4180 fieri
802 4125 929 4196 potuisse
951 4128 1049 4197 putet,
1069 4127 1102 4180 ut
1119 4125 1185 4179 inde
1204 4125 1268 4195 ipsa
1287 4124 1457 4195 significatio

144 4205 207 4260 doio
225 4205 299 4260 malo
317 4205 449 4260 eveniret.
487 4204 564 4260 Haec
583 4204 633 4260 ille
651 4223 676 4260 a.
692 4209 760 4259 1897
780 4205 799 4260 l.
810 4223 843 4273 c,
861 4205 1022 4276 nuperrime
1040 4209 1137 4261 tamen
1155 4205 1232 4259 idem
1249 4205 1281 4259 in
1299 4205 1402 4260 litteris
1421 4206 1458 4260 ed

144 4301 190 4340 me
209 4284 285 4340 datis
303 4301 333 4340 se
351 4285 445 4355 ipsum
463 4285 532 4352 iam,
551 4288 664 4341 rectene
682 4288 751 4340 tunc
768 4286 963 4353 iudicavisset,
986 4285 1118 4341 dubitare
1137 4285 1210 4339 dixit
1228 4287 1314 4353 atqua
1333 4284 1459 4341 eiusdem

144 4365 242 4434 stirpis
269 4364 390 4421 alterum
417 4366 567 4437 vestigium
599 4382 743 4436 superesse
772 4366 893 4421 coniecit
919 4367 949 4420 in
976 4367 1090 4421 nomine
1117 4365 1256 4421 Laconico
1285 4365 1459 4439 decrepitae

145 4445 260 4516 (Herod.
278 4445 314 4499 Vl
328 4451 427 4515 ttsqq.
447 4447 616 4517 saepiusque
634 4450 663 4501 et
677 4447 800 4503 Timolrr.
817 4447 850 4502 ir.
867 4454 880 4501 1
902 4447 1025 4519 Bergid),
1045 4446 1121 4516 quod
1135 4447 1188 4500 viri
1207 4446 1284 4502 docti
1302 4445 1374 4500 falso
1394 4465 1459 4501 cum

144 4526 259 4581 nomine
282 4525 460 4600 Λεωτυχίδας
482 4526 688 4594 confudissent,
716 4529 741 4582 ei
769 4527 884 4598 quidem
907 4527 1066 4583 Herodotus
1090 4526 1205 4582 nomina
1228 4543 1246 4580 a
1269 4526 1357 4596 stirpe
1380 4534 1458 4582 Λεω-

145 4607 273 4662 derivata
291 4607 345 4662 hac
363 4607 427 4677 ipsa
445 4623 555 4677 semper
573 4607 664 4662 forma
683 4608 852 4678 scripsisset:
877 4623 980 4662 nomen
999 4603 1173 4680 Λευτυχίδας
1191 4606 1381 4661 dirimendum
1399 4624 1458 4661 esse

145 4687 175 4742 in
198 4685 428 4759 Λευτ-υχ-λὸας
450 4687 551 4743 suffixo
573 4709 608 4760 υχ
632 4688 678 4759 (cf.
698 4687 840 4760 Πράυχος)
865 4706 882 4742 a
905 4688 992 4759 stirpe
1009 4694 1100 4743 deur·
1124 4687 1290 4741 derivatum.
1333 4685 1411 4751 Quae
1434 4685 1459 4740 ei

145 4768 221 4822 reete
249 4765 376 4822 Solmsen
404 4768 517 4837 statuit,
545 4767 632 4824 aliam
660 4767 895 4838 significationem
923 4783 957 4822 ec
985 4769 1077 4839 bitrig
1103 4767 1148 4823 vel
1176 4765 1238 4823 dolo
1269 4767 1343 4822 malo
1369 4766 1459 4821 latere

146 4845 326 4903 verisimilius
344 4850 395 4902 est.

218 4929 262 4998 lu)
291 4926 398 4984 dehoc
417 4929 594 4984 sacerdotnm
613 4944 714 5000 genere
734 4927 768 4982 cf.
787 4947 816 4999 p.
832 4932 892 4982 182.

198 5027 272 5081 Irsgas
286 5025 366 5070 Gneo.
380 5027 464 5070 snam
478 5028 513 5069 ed
527 5027 643 5069 zleuem
1209 5021 1244 5070 13
