3434 5464
652 287 787 342 PARIAE
806 307 832 343 n.
850 293 990 342 ros-106
1407 290 1472 354 285

162 456 190 513 V
209 474 236 514 a.
256 453 322 514 cnr.
343 476 370 513 n.
390 455 507 516 saeculo
535 455 696 532 inscriptus
723 458 865 531 testatur,
897 457 1003 516 fanum
1025 450 1166 531 Ὑπάτου,
1199 477 1288 534 quem
1317 461 1344 518 si
1371 450 1474 518 Iovem

162 556 403 629 interpretamur,
421 572 525 612 vereor
543 574 580 612 ne
598 555 726 630 priscam
746 556 855 615 montis
874 556 1049 631 religionem
1068 555 1166 615 alieno
1186 556 1283 616 colore
1297 556 1473 632 imbuamuS,

162 670 216 710 nec
239 651 343 710 Parios
367 653 528 727 quicquam
555 651 637 711 aliud
663 670 696 710 eo
725 655 844 712 nomine
867 656 1016 729 spectasse
1044 655 1194 727 existimo,
1222 653 1281 714 nisi
1309 656 1344 713 ut
1367 657 1475 713 summi

163 751 273 809 montis
296 768 407 808 numen
431 742 675 830 significarent.²)

253 839 473 926 dr[el]s'oroe³):
509 865 611 906 vocem
639 849 757 925 egregie
780 847 982 908 Wilamowitz
1014 850 1147 908 restituit
1179 868 1233 910 neo
1264 851 1308 909 rei
1340 851 1475 926 exempla

164 944 280 1019 desunt,
304 946 341 1003 cf.
360 945 446 1004 Paus.
465 945 508 1004 lX
524 947 605 1020 25‚5
630 945 666 1004 de
689 946 756 1004 luco
776 945 934 1024 Δήμητρος
953 946 1114 1025 Καβειρίοις
1131 944 1181 1005 καὶ
1200 947 1302 1027 Κόρης
1320 947 1475 1008 Thebano:

163 1041 297 1103 ἐσελθεῖν
309 1039 340 1102 δὲ
354 1047 416 1114 τοῖς
430 1046 609 1102 τελεσθεῖσιν
618 1041 686 1102 ἔστι.
711 1042 846 1104 Conferri
860 1047 960 1119 potest
975 1046 1066 1103 etiam
1076 1044 1262 1104 Eleusiniam
1275 1049 1476 1123 praeceptum,

164 1139 200 1200 de
225 1159 283 1216 quo
303 1140 399 1200 Prool.
414 1143 445 1199 in
464 1140 528 1200 Alc.
543 1141 559 1198 I
577 1161 605 1218 p.
622 1143 684 1200 287
702 1140 788 1202 Cous.
808 1139 848 1214 ὡς
870 1139 926 1221 γὰρ
949 1147 1011 1213 τοῖς
1033 1141 1075 1214 εἰς
1098 1140 1129 1203 τὸ
1149 1151 1207 1202 τῶν
1223 1135 1414 1203 Ἐλευσινίων
1433 1141 1476 1203 τέ-

164 1259 254 1316 μενος
276 1236 419 1298 εἰσιοῦσιν
441 1236 583 1316 ἐδηλοῦτο
603 1247 655 1298 τῶι
673 1238 878 1318 προγράμματι
896 1237 937 1316 μὴ
956 1245 1061 1318 χωρεῖν
1079 1239 1148 1300 εἴσω
1169 1249 1227 1300 τῶν
1246 1238 1364 1301 ἀδύτων
1383 1239 1477 1319 ἀμνή-

165 1357 226 1408 τοις
249 1333 299 1395 ιιοιλ
322 1333 496 1413 ἀτελέστοις,
524 1335 601 1397 οὕτω
625 1339 696 1412 κτλ,
724 1356 908 1414 quamquam
932 1338 995 1398 illic
1019 1338 1055 1396 de
1078 1337 1183 1414 adyto,
1213 1339 1262 1398 hic
1282 1339 1316 1398 de
1339 1341 1477 1399 universo

165 1435 236 1494 fano
261 1434 369 1512 agitur.
415 1435 515 1511 Atque
544 1438 621 1511 erat,
649 1453 715 1494 cum
744 1437 776 1493 in
799 1435 855 1494 hec
877 1435 944 1512 ipsa
967 1454 999 1494 re
1022 1435 1185 1496 difficultas
1213 1436 1360 1513 quaedam
1381 1439 1478 1498 inesse

165 1533 240 1591 mihi
258 1531 419 1606 videretur,
439 1535 510 1608 qnia
528 1533 662 1592 homines
682 1529 826 1593 ἀτέλεστοι
844 1533 935 1610 adyto
953 1537 1075 1610 possent
1092 1534 1253 1610 prohiberi,
1268 1535 1360 1595 iidem
1378 1539 1479 1595 tamen

166 1626 359 1708 τετελεσμένον
382 1630 447 1690 fieri
470 1650 530 1690 non
553 1633 675 1706 possent
697 1631 757 1690 nisi
779 1631 923 1691 terminos
946 1632 1011 1691 fani
1033 1633 1225 1710 transgressi,
1254 1632 1333 1692 unde
1355 1634 1412 1693 hac
1435 1635 1479 1691 in·

167 1729 329 1806 scriptione
344 1731 464 1788 omnino
479 1748 539 1788 non
549 1720 686 1806 Ἵλιολτοο,
705 1729 758 1788 sed
772 1730 899 1788 aliorum
914 1730 1035 1790 deornm
1050 1731 1132 1790 velut
1148 1729 1323 1791 Cabirorum
1337 1733 1480 1808 mysteria

167 1827 228 1886 dici
260 1819 479 1908 collegeram.⁴)
532 1826 589 1886 Sed
621 1846 700 1886 nuno
730 1827 762 1886 id
789 1845 856 1886 cum
888 1829 1020 1905 simplici
1046 1829 1205 1888 verborum
1232 1829 1480 1906 interpretatione

168 1944 273 2002 parum
298 1927 455 1984 convenire
478 1925 554 1984 mihi
576 1925 702 1983 videtin.

258 2023 303 2081 De
326 2022 503 2082 feminarum
527 2024 694 2083 exclusione
718 2024 754 2082 of.
774 2043 802 2082 n.
824 2025 873 2084 79.

259 2281 328 2337 loo.
361 2280 520 2351 Spondylus
541 2280 688 2336 columnae
706 2281 852 2336 marmoris
872 2281 939 2349 albi,
961 2281 1010 2351 qui
1030 2281 1080 2336 alii
1098 2283 1236 2352 spondylo
1250 2281 1399 2352 impositus
1418 2282 1481 2349 fuit,

169 2362 255 2416 Pari
274 2362 350 2431 apud
371 2361 397 2416 S.
413 2361 526 2416 Nicolai
545 2362 692 2416 ecclesiam
710 2362 840 2416 inventus
859 2365 888 2416 et
906 2365 971 2432 post
989 2362 1079 2416 varias
1098 2363 1216 2417 iniurias
1235 2362 1265 2416 in
1284 2376 1380 2416 museo
1398 2360 1482 2417 Pario

169 2442 271 2496 Hilleri
290 2443 320 2496 et
333 2441 527 2496 Rubensohnii
545 2459 632 2511 opera
650 2441 802 2511 depositus.
831 2441 901 2495 Edd.
918 2441 953 2496 de
968 2441 1075 2496 Ridder
1088 2443 1185 2498 BOH
1201 2447 1269 2496 1897
1289 2461 1315 2512 p.
1333 2447 1411 2511 ltsq.
1427 2448 1480 2497 n.1

170 2522 300 2576 adhibito
318 2522 355 2575 M.
371 2521 467 2592 Krispi
485 2523 650 2592 apographo
669 2525 698 2576 et
711 2520 803 2575 Hiller
821 2521 857 2576 de
872 2521 1041 2592 Gtrtringen
1056 2524 1078 2577 Ι
1081 2523 1105 2578 G
1119 2521 1171 2576 XII
1185 2527 1201 2576 5
1220 2541 1247 2575 n.
1259 2527 1311 2576 225
1331 2539 1395 2576 cum
1412 2521 1483 2575 ima-

170 2602 237 2674 gine
252 2603 469 2673 diligentissime
485 2602 633 2657 delineata.
663 2601 703 2656 Of.
719 2601 806 2655 etiam
819 2601 949 2656 Homolle
963 2602 1058 2658 ΒΘΗ
1069 2604 1086 2658 l.
1096 2619 1118 2658 c.
1133 2621 1160 2672 p.
1173 2607 1223 2656 148
1230 2620 1270 2670 sq.
1286 2603 1315 2656 et
1329 2601 1359 2658 Ο.
1370 2601 1483 2657 Ruben-

172 2683 244 2737 sohn
264 2684 350 2738 MAI
364 2681 453 2735 XXVI
468 2685 559 2752 (1901)
577 2701 605 2752 p.
621 2689 720 2751 212sq.

377 2883 422 2891 -
466 2883 512 2893 -
555 2883 599 2892 —
644 2847 818 2925 -χεένωι
863 2848 988 2925 Δωριῆι
1034 2846 1073 2910 οὐ
1117 2844 1247 2930 θέμι[ε.
1278 2897 1283 2908 .

379 2989 421 2999 -
466 2989 511 2999 —
557 2989 599 2999 -
644 2953 780 3019 -οὔτε
798 2950 957 3036 basod)
976 2948 1118 3039 κο(ύ)ρηι
1137 2951 1235 3016 ἀστῶι
1254 2972 1283 3016 ε.

261 3135 324 3195 Lex
347 3154 432 3195 sacra
455 3136 520 3195 fani
543 3136 668 3196 alicuius
691 3137 800 3196 litteris
824 3137 909 3196 bonis
933 3134 1031 3195 medio
1055 3136 1115 3194 fere
1138 3133 1167 3190 V
1186 3154 1212 3194 a.
1233 3133 1300 3194 Chr.
1318 3154 1347 3193 n.
1367 3135 1485 3194 saeculo

173 3235 222 3294 vel
244 3234 336 3311 paulo
359 3237 428 3310 post
449 3235 545 3294 incisa
569 3225 648 3316 (ΧΣ
664 3260 706 3282 --
721 3234 751 3309 ξ,
831 3259 873 3282 ==
888 3256 918 3311 o,
942 3224 975 3292 Ο
991 3259 1034 3280 =
1049 3255 1086 3307 οι,
1109 3233 1161 3292 sed
1186 3225 1257 3292 ΩΥ
1273 3258 1317 3280 =
1331 3224 1391 3313 oo).

264 3331 299 3390 V.
321 3336 353 3392 1:
386 3331 422 3390 de
445 3331 610 3410 peregrinis
634 3332 715 3408 apud
738 3330 865 3392 Graecos
889 3351 947 3390 non
971 3330 1107 3390 omnibus
1131 3331 1203 3389 locis
1227 3333 1281 3388 aut
1303 3331 1486 3407 temporibus

174 3448 228 3489 nec
250 3432 282 3488 in
306 3429 442 3490 omnibus
466 3448 618 3489 sacrorum
636 3431 794 3507 generibus
814 3428 916 3489 eadem
934 3429 1084 3488 valebant.
1112 3428 1283 3503 *Praecipue
1302 3428 1486 3506 distinguen-

174 3527 246 3586 dum
272 3529 353 3587 inter
379 3520 531 3607 publica²)
560 3546 643 3586 sacra
672 3531 702 3587 et
728 3530 856 3604 privata.
901 3526 1127 3603 antiquissimis
1155 3525 1339 3602 temporibus
1367 3527 1405 3585 ad
1432 3526 1487 3584 illa

175 3626 291 3684 nullum
318 3625 484 3703 peregrinis
508 3624 623 3684 aditum
646 3627 738 3685 tuisse
766 3630 880 3684 certum
903 3617 1064 3706 videtur³)‚
1088 3643 1123 3683 ac
1150 3627 1255 3700 postea
1278 3643 1405 3700 quoque,
1430 3626 1488 3683 etsi

176 3743 235 3799 quo
258 3725 355 3800 magis
375 3721 481 3782 Graeci
503 3725 535 3782 in
558 3741 650 3782 unam
672 3725 801 3784 nominis
825 3727 855 3783 et
878 3724 1021 3783 sermonis
1044 3723 1219 3781 societatem
1243 3722 1427 3796 coaluerunt,
1450 3722 1487 3780 de

177 3881 230 3890 nna--

267 3985 293 4052 2)
323 3982 358 4037 cf.
378 3981 466 4036 etiam
484 3981 590 4036 Usener
610 3981 804 4037 Gdtternomca
822 3999 849 4050 p.
866 3987 907 4036 50.

268 4065 294 4133 3)
322 4062 446 4132 lapicida
465 4063 496 4114 ΩΙ
516 4080 568 4131 pro
587 4062 622 4115 ΟΙ
643 4061 752 4116 incidit.

267 4155 294 4223 4)
323 4153 410 4207 etiam
428 4152 458 4205 in
472 4151 630 4206 Pausaniae
649 4151 741 4205 verbis
755 4151 790 4206 de
805 4149 952 4220 Δήμητρος
966 4147 1121 4223 Καβειρίοις
1134 4149 1197 4204 luco
1213 4166 1298 4220 supra
1312 4147 1408 4204 edatis
1423 4166 1489 4204 voce

176 4241 235 4296 τοῖς
254 4235 425 4288 τελεσθεῖσιν
442 4231 569 4288 homines
587 4249 644 4287 non
658 4230 760 4299 Cereri,
779 4231 829 4286 sed
844 4229 952 4285 Oabiris
972 4230 1099 4284 initiatos
1118 4230 1175 4284 dici
1194 4230 1326 4301 proclivis
1340 4232 1384 4286 est
1398 4231 1489 4300 suspi-

177 4314 230 4380 cio,
250 4311 385 4383 quoniam
403 4311 485 4365 Paua.
501 4312 598 4366 statim
616 4312 652 4367 de
671 4311 741 4381 ipsis
761 4310 869 4366 Gabinis
888 4311 1086 4380 mysteriisque
1105 4327 1200 4367 eorum
1219 4327 1333 4366 namara
1351 4311 1453 4382 pergit.

269 4457 296 4525 1)
325 4455 459 4509 ΩΥΤΕΔ.
472 4455 543 4508 ,ΟΙΑ
564 4454 598 4507 de
617 4453 700 4508 Ridd.
719 4453 823 4507 litteris
841 4457 864 4507 Υ
883 4457 912 4508 et
931 4456 955 4506 Δ
975 4469 990 4508 a
1008 4453 1122 4523 Krispio
1141 4453 1273 4523 sumptis,
1297 4453 1346 4522 qui
1365 4452 1490 4524 lapidem

178 4535 265 4606 paulo
283 4535 466 4604 integriorem
485 4534 565 4602 vidit,
584 4534 633 4588 sed
652 4533 743 4588 Hiller
761 4535 874 4588 easdem
892 4533 1004 4589 litteras
1023 4535 1091 4587 satis
1111 4537 1186 4588 certo
1206 4535 1353 4604 agnovisse
1371 4535 1490 4599 videtur,

180 4619 212 4670 ut
230 4615 355 4686 imagine
375 4614 411 4668 ab
431 4630 464 4668 eo
483 4615 583 4668 addita
602 4616 729 4684 apparet.

269 4709 296 4774 2)
325 4703 360 4757 de
379 4702 533 4774 gentiliciis
553 4702 587 4757 ol.
607 4705 871 4758 umectans.

270 4798 297 4864 3)
325 4794 431 4863 optime
464 4795 494 4848 et
526 4792 561 4847 de
588 4793 642 4847 hae
670 4809 699 4847 re
727 4795 757 4848 et
788 4793 823 4848 de
855 4794 985 4848 universa
1017 4792 1182 4862 quaestione
1217 4793 1350 4848 disseruit
1381 4792 1493 4846 bobeck

181 4875 317 4946 Aglaopb.
336 4892 363 4943 p.
380 4879 496 4942 ttosqq.
