3450 5458
250 223 293 288 88
768 222 882 278 taces
902 222 1042 278 SAORAE

339 393 515 469 Psephisma
538 394 574 454 dc
598 394 707 472 orgsde
731 413 815 453 secra
838 393 979 454 archonte
997 393 1186 454 Aristodemo
1210 387 1323 476 (ale)
1343 396 1362 454 i.
1378 416 1401 455 e.
1422 395 1559 471 a.352l1

251 511 277 550 s.
298 491 364 551 Chr.
388 491 515 567 factum,
548 491 702 572 στοιχηδὸν
733 492 918 568 inscriptum.
973 491 1065 568 Lapis
1097 494 1202 553 misere
1234 493 1391 554 mutilatus
1420 496 1478 566 cst,
1509 493 1561 552 sed

252 592 355 668 paucis
374 609 450 668 quae
469 609 522 650 suo
541 591 606 650 loco
627 590 769 650 adnotavi
787 592 917 666 exceptis
931 591 1060 650 Fouoart
1078 591 1200 650 titulum
1220 593 1282 650 tam
1300 592 1414 671 insigni
1433 595 1463 650 et
1480 589 1562 651 felici

253 689 387 749 acumine
410 689 558 764 restituit,
585 691 620 747 ut
642 689 784 766 pleraque
807 707 838 748 ss
865 691 931 765 ipsa
955 691 1096 750 tueantur
1118 689 1260 766 nobisque
1283 691 1375 750 missa
1396 689 1562 767 longinqua

253 787 438 865 singulorum
461 805 599 846 versuum
622 788 816 863 inquisitione
844 789 906 846 iam
933 809 996 846 rem
1023 789 1120 865 ipsam
1144 788 1294 847 illustrare
1322 788 1412 847 liceat
1434 787 1562 847 Foucsr·

251 888 318 945 tum
341 886 515 962 plerumque
538 888 654 946 secutis.

339 977 443 1064 Ὀργάς
475 1002 543 1043 oum
575 984 669 1044 omnIs
702 987 782 1043 terra
814 983 861 1044 dci
889 1004 973 1044 sacra
1001 1003 1079 1061 quae
1105 985 1220 1044 inculta
1247 986 1364 1046 iacebat
1390 990 1455 1044 tum
1483 987 1564 1044 terra

255 1081 402 1158 quaedam
427 1081 636 1158 appellabatur
659 1083 689 1140 in
714 1081 841 1142 confinio
864 1083 1092 1142 Atheniensium
1118 1086 1148 1142 et
1172 1083 1389 1160 Megarensium
1412 1085 1471 1143 sita
1494 1083 1564 1141 dea-

253 1181 308 1240 bus
332 1180 493 1241 Eleusiniis
517 1173 730 1263 consecratafl)
771 1181 833 1240 Nec
855 1185 956 1241 tamen
979 1183 1076 1240 tutam
1102 1181 1138 1240 ab
1161 1182 1290 1242 hostium
1315 1184 1345 1241 et
1368 1181 1564 1242 finitimorum

254 1280 373 1339 iniuriis
397 1298 461 1338 eam
480 1279 571 1339 fuisse
590 1281 651 1338 iam
670 1299 686 1338 e
705 1279 898 1354 scriptoribus
918 1283 1021 1340 notum
1041 1281 1119 1338 erat:
1142 1281 1305 1340 vastavisss
1325 1299 1389 1339 eam
1409 1280 1565 1340 dicebatur

257 1376 428 1437 Cleomenes
450 1377 466 1436 Ι
488 1369 785 1458 Lacedaemonius⁹)‚
814 1379 939 1438 coluisse
967 1380 1036 1438 ante
1063 1377 1174 1437 bollum
1197 1378 1480 1455 Peloponnesiacum
1501 1378 1564 1436 Me·

196 1467 207 1476 ’
255 1469 439 1554 gareusesm)
463 1496 614 1553 novasque
643 1479 759 1554 aliquas
782 1479 887 1536 horum
910 1477 1036 1535 iniurius
1059 1476 1273 1536 Demosthenes
1297 1469 1565 1555 commemoratu)

254 1575 319 1635 Hoc
360 1575 486 1652 denique
527 1575 618 1634 titulo
660 1595 737 1634 anno
781 1576 843 1635 352
887 1576 922 1634 de
964 1575 1075 1652 orgadc
1117 1577 1217 1634 actum
1259 1593 1321 1636 esse
1363 1576 1513 1635 discimus.
1526 1567 1565 1654 12)

255 1673 387 1732 Termini
412 1676 498 1747 enirn,
527 1693 600 1750 quos
628 1677 752 1733 exeunte
775 1674 803 1730 V
827 1674 944 1734 sacculo
972 1673 1133 1733 collocatos
1161 1693 1223 1733 esse
1247 1675 1311 1732 veri
1340 1675 1436 1734 simile
1460 1677 1506 1733 est
1516 1666 1566 1752 18),

257 1773 309 1830 aut
332 1772 436 1830 fraude
460 1775 514 1832 sut
532 1773 648 1832 incuria
667 1776 852 1832 evanuerant
871 1765 913 1854 (v.
930 1773 970 1830 73
994 1768 1060 1830 ἀντί
1078 1779 1136 1830 τῶν
1155 1767 1382 1832 ἐκπεπτωκότων
1402 1791 1440 1832 sc.
1456 1764 1565 1851 δρων);

255 1869 323 1928 inde
347 1889 413 1930 cum
433 1870 574 1930 damnum
593 1872 697 1930 fecisse
714 1874 825 1931 terram
844 1870 966 1929 dearum
986 1888 1101 1929 sacram
1120 1860 1287 1930 sacerdotes
1302 1871 1448 1930 Eleusinii
1467 1872 1568 1946 questi

256 1971 362 2044 essent,
385 1969 513 2046 populus
536 1972 660 2046 rogante
683 1960 897 2051 Philocrate¹²)
922 1970 1019 2044 priore
1042 1967 1129 2028 buius
1149 1967 1260 2028 decreti
1277 1971 1363 2044 parte
1382 1961 1424 2051 (v.
1442 1961 1566 2046 imas)

256 2066 311 2124 XV
330 2068 410 2126 viros
443 2068 557 2126 creavit
584 2069 678 2143 cippis
706 2066 913 2128 terminalibus
944 2065 1136 2126 restituendis
1165 2065 1328 2143 litibusque
1355 2067 1424 2128 inde
1456 2065 1568 2126 bituris

257 2164 429 2224 dirimendis
437 2157 475 2246 14)
508 2168 598 2242 atque
629 2167 661 2224 in
693 2167 844 2242 posterum
876 2169 993 2242 tempus
1022 2164 1180 2243 diligenter
1208 2166 1238 2224 et
1265 2167 1360 2242 ipsius
1390 2165 1509 2244 orgadis
1537 2167 1569 2224 ct

258 2263 390 2323 omnium
413 2263 612 2338 delubrorum,
637 2283 712 2339 quse
736 2267 806 2324 sunt
825 2259 992 2342 Ἀθήνησιν
1014 2265 1033 2322 i.
1050 2282 1072 2322 c.
1092 2265 1125 2322 in
1148 2255 1310 2344 Attics¹⁵),
1339 2283 1440 2323 curam
1463 2263 1569 2322 haberi

348 2482 374 2548 8)
393 2479 526 2550 Harpocr.
547 2497 567 2533 s.
584 2497 607 2532 ν.
628 2478 725 2549 ὀργάς·
750 2477 936 2548 Δημοσθένης
955 2479 986 2534 ἐν
1004 2483 1042 2552 τῷ
1057 2479 1121 2546 περὶ
1140 2477 1301 2542 συντάξεως.
1340 2477 1425 2549 ὀργὰς
1443 2481 1569 2534 καλεῖται

258 2559 293 2614 τδι
312 2561 439 2630 λοχμάδη
457 2560 507 2614 καί
526 2558 622 2626 ὀρεινὰ
640 2557 729 2630 χωρία
747 2559 796 2612 καί
815 2559 865 2613 obs
886 2556 1098 2628 ἐπεργαζόμενοι,
1122 2555 1193 2614 ὅθεν
1212 2560 1260 2612 καί
1278 2559 1296 2627 ἡ
1315 2559 1464 2629 Μεγαρικὴ
1484 2557 1570 2628 ὀργὰς

259 2639 486 2709 προσωνομάσθη
501 2639 616 2710 τοιαύτη
630 2659 672 2702 τις
687 2635 766 2706 οὖσα,
785 2639 847 2707 περί
867 2633 901 2705 ἧς
920 2637 1092 2708 ἐπολέμησαν
1104 2637 1251 2708 Ἀθηναῖοι
1266 2643 1452 2709 Μεγαρεῦσιν.
1480 2637 1568 2692 Bekk.

259 2719 392 2775 sinecdl
409 2739 436 2790 p.
453 2725 514 2787 aet,
526 2725 559 2774 14
579 2718 666 2790 ὀργὰς
682 2718 717 2774 τά
736 2718 798 2788 ἱερὰ
816 2717 903 2790 χωρία
922 2719 1099 2774 uulsinos&
1118 2717 1298 2788 άφιερωμένα
1312 2729 1371 2783 τοῖς
1383 2724 1470 2782 θεοῖς.
1504 2718 1569 2773 Alio

259 2801 337 2856 fonte
357 2803 418 2854 crte
436 2803 480 2854 est
502 2799 597 2869 glossa
614 2799 709 2854 Photii
735 2798 830 2870 ὀργάς·
855 2797 958 2871 χωρίον
978 2795 1040 2854 οἷον
1060 2799 1143 2864 dicor
1165 2799 1235 2869 μέγα
1258 2800 1307 2854 καί
1330 2800 1463 2870 δργεῶνες
1482 2799 1510 2854 ol
1529 2799 1571 2862 εἰς

259 2889 340 2936 τοῦτο
361 2879 529 2950 συνάγοντες
546 2881 596 2934 καί
614 2889 673 2944 τοῖς
691 2880 817 2935 ἐνταῦθα
836 2883 916 2944 θεοῖς
935 2879 1122 2950 ὀργιάζοντες,
1140 2879 1190 2934 sed
1205 2879 1239 2933 cf.
1255 2878 1342 2935 etiam
1356 2879 1477 2936 Herond.
1490 2879 1569 2933 Mim.

258 2961 298 3016 IV
317 2966 350 3015 46
370 2978 433 3015 cum
452 2960 546 3015 adnot.
562 2959 734 3015 Bnechelcri.

349 3043 375 3110 9)
394 3041 475 3095 Paus.
495 3041 533 3094 HI
553 3047 613 3110 4‚2,
633 3041 667 3095 cf.
688 3041 789 3095 Herod.
802 3041 839 3094 VI
859 3046 891 3094 to
910 3041 960 3095 ubi
979 3045 1072 3095 tamen
1092 3041 1204 3111 orgadis
1223 3057 1323 3096 nomen
1344 3042 1430 3096 deest.

333 3124 377 3192 10)
396 3121 482 3176 Thuo.
502 3121 514 3174 1
534 3127 585 3176 139
610 3121 805 3183 ἐπικαλοῦντες
829 3119 997 3192 ἐπεργασίαν
1020 3125 1181 3190 Μεγαρεῦσι
1204 3129 1253 3189 τῆς
1276 3129 1326 3190 γης
1349 3130 1397 3192 της
1420 3121 1498 3189 ἱερᾶς
1521 3122 1571 3176 καί

260 3211 309 3270 τῆς
327 3198 473 3269 ἀορίστου,
492 3200 565 3255 Plut.
581 3200 679 3256 Periti.
696 3207 729 3255 30
749 3201 878 3270 φανεράν
896 3201 1086 3272 ποιησάμενος
1109 3199 1203 3256 αἰτίαν
1223 3198 1285 3255 κατ’
1306 3203 1399 3256 ulman
1417 3201 1571 3270 ἀπονέμοιε-

261 3287 332 3337 σθαι
349 3281 401 3351 τὴν
421 3281 501 3349 ίερδιυ
521 3281 635 3352 ὀργάδα.
1211 3321 1213 3324 -

334 3364 377 3432 11)
401 3361 479 3416 Dem.
494 3361 558 3416 XIII
572 3367 606 3416 32
630 3361 738 3430 ἃπρὸς
758 3362 823 3425 τοὺς
840 3362 1016 3430 καταράτους
1034 3361 1184 3432 Μεγαρέας
1209 3361 1391 3432 ἐψηφίσασθε
1414 3363 1570 3430 ἀποτεμνο-

262 3442 362 3513 μένους
379 3442 430 3512 τὴν
449 3442 572 3513 ὀργάδα,
592 3441 694 3508 ἐξιέναι
713 3442 839 3510 κωλύειν,
857 3441 893 3513 μὴ
913 3441 1079 3509 ἐπιτρέπειν,

335 3526 378 3594 12)
398 3524 432 3578 de
451 3523 548 3578 eadem
565 3539 595 3578 re
609 3537 699 3593 nuper
712 3523 906 3578 testimonium
921 3522 1039 3578 accessit
1053 3523 1235 3578 Androtionis
1251 3524 1376 3594 (Didpm.
1387 3524 1420 3576 dc
1432 3524 1570 3578 Denccstt.

261 3607 423 3674 damnali),
446 3604 496 3674 qui
520 3621 632 3659 causam
651 3603 773 3659 breviter
795 3604 836 3658 ita
854 3603 1044 3659 adumbravit:
1064 3601 1201 3672 ὡρίσαντο
1221 3604 1252 3660 δέ
1270 3605 1318 3658 καλ
1334 3603 1481 3673 Ἀθηναῖοι
1499 3603 1572 3672 πρὸς

263 3683 415 3754 Μεγαρέας
432 3685 483 3754 τὴν
503 3684 610 3754 ὀργάδα
629 3684 678 3741 διὰ
696 3694 757 3741 τοῖν
778 3686 862 3740 Θεοῖν
881 3682 974 3745 *ὅπως
993 3684 1150 3756 βούλοιντο·
1178 3685 1374 3755 συνεχάρησαν
1394 3683 1446 3752 γὰρ
1466 3683 1493 3737 ci
1511 3687 1571 3737 Με-

264 3773 357 3834 γαρεῖς
376 3764 488 3832 ὁριστὰς
508 3764 640 3835 γενέσθαι
658 3766 707 3820 τὸν
727 3763 898 3834 ἱεροφάντην
917 3761 1112 3834 Λακαρτείδην
1131 3766 1180 3818 καί
1198 3764 1248 3818 τὸν
1262 3766 1418 3834 δαιδοῦγον
1428 3761 1571 3830 Ἱεροκλεῖ-

263 3847 325 3914 δην,
344 3846 393 3899 κοιλ
411 3846 448 3908 ὡς
467 3841 545 3901 οὗτοι
561 3844 675 3912 ὥρισαν,
690 3843 847 3914 ἐνέμειναν·
867 3845 914 3898 κοιλ
929 3843 979 3905 τὰς
993 3842 1130 3915 ἐσχατιάς,
1150 3843 1212 3898 ὅσαι
1233 3837 1304 3914 ἦσαν
1318 3843 1389 3912 πρὸς
1407 3851 1452 3912 τῆι
1472 3843 1570 3912 δργάδι

263 3924 445 3994 καθιέρωσαν
463 3925 734 3994 διαμαντευσάμενοι
751 3926 800 3980 καί
819 3923 967 3988 ἀνελόντος
984 3932 1033 3979 τοῦ
1052 3928 1123 3979 θεοῦ
1142 3927 1226 3979 λύκον
1244 3923 1291 3977 καὶ
1311 3922 1428 3992 ἄμεινον
1443 3917 1516 3977 sinus
1533 3923 1571 3992 μτ)

264 4004 468 4074 ἐργαζομένοις·
488 4008 536 4060 καλ
555 4005 667 4074 στήλαις
685 4005 793 4074 ὡρίσθη
812 4005 903 4079 κύκλῳ
922 4001 1048 4068 λιθίναις
1067 4005 1255 4072 Φιλοκράτους
1273 4000 1409 4067 εἰπόντος.

336 4087 380 4155 13)
399 4085 486 4141 Thac.
497 4087 514 4139 l.
520 4103 541 4140 ο.
552 4089 654 4140 terram
669 4083 800 4154 ἀόριστον
811 4085 889 4154 dicit,
904 4085 953 4141 sed
963 4088 1028 4155 post
1041 4085 1147 4140 bellum
1159 4085 1231 4140 hanc
1244 4101 1302 4139 rem
1317 4083 1498 4139 constitutam
1509 4100 1572 4138 esse

263 4165 322 4220 seri
330 4165 422 4220 simile
430 4164 658 4235 videtur3utique
666 4167 810 4236 aliquanto
818 4171 884 4222 ante
891 4173 973 4221 a352
982 4166 1116 4222 terminos
1124 4166 1274 4221 collocatos
1282 4163 1369 4219 fuisse
1377 4170 1437 4218 vlt
1445 4169 1571 4236 apparet.

338 4257 380 4311 14)
406 4255 454 4308 ‘ut
480 4272 531 4308 nos
559 4255 714 4310 diceremus
738 4258 794 4323 arcs
812 4257 838 4311 δ.
859 4257 938 4327 Wepe
963 4257 1011 4312 der
1038 4255 1453 4326 Venoattcupspatctutartan.
1494 4253 1572 4310 Lites

265 4334 340 4389 enim
360 4334 383 4388 si
402 4351 436 4388 ex
454 4352 530 4390 more
553 4334 681 4407 legitimo
704 4339 769 4390 ante
789 4335 969 4394 dicastcrium
988 4336 1171 4391 beliasternm
1189 4339 1268 4390 setae
1292 4335 1397 4400 forent,
1420 4335 1572 4389 verendum

265 4419 326 4471 erat
344 4431 379 4470 ne
398 4414 539 4470 restitutio
559 4415 705 4485 cipporum
723 4417 951 4486 protraheretur!
990 4416 1118 4473 Koehlcr.

337 4498 381 4564 lt)
401 4513 464 4550 cum
483 4496 518 4549 de
532 4497 636 4566 orgade
651 4498 727 4567 spud
740 4496 875 4567 populum
891 4501 1029 4568 ageretur,
1049 4497 1134 4551 ctiam
1149 4497 1184 4551 de
1198 4496 1299 4552 ceteris
1313 4496 1386 4551 fanis
1401 4496 1572 4551 mentionem

266 4579 437 4644 questusque
456 4575 583 4631 extitisse
602 4593 657 4631 non
676 4577 777 4632 mirum
796 4594 849 4632 nec
867 4577 988 4632 alienum
1004 4577 1039 4632 ab
1054 4595 1088 4632 sa
1106 4577 1317 4646 consuetudine,
1332 4594 1389 4646 qua
1402 4595 1453 4632 nos
1468 4576 1573 4632 cotidie

265 4673 354 4726 paene
374 4654 481 4709 nullam
498 4673 581 4726 posse
598 4673 656 4710 rem
671 4657 784 4727 publice
799 4657 948 4713 deliberari
968 4657 1104 4725 videmus,
1123 4657 1191 4727 quin
1209 4675 1253 4712 res
1272 4658 1398 4712 eiusdem
1412 4657 1522 4728 generis
1537 4689 1571 4698 —-

266 4751 350 4806 sccpe
368 4735 433 4806 plus
451 4736 552 4791 merito
571 4768 604 4776 —
623 4738 808 4807 proferantur.
841 4738 917 4792 Voce
927 4734 1059 4808 Ἀθήνησι
1079 4741 1173 4793 autem
1192 4741 1226 4808 (v.
1242 4741 1285 4806 lt)
1304 4753 1360 4792 non
1379 4737 1456 4792 urbis
1475 4736 1573 4805 solius,

267 4815 316 4872 sed
343 4815 487 4876 universae
512 4817 622 4874 Atticae
650 4818 768 4873 indicari
797 4817 914 4875 delubra
938 4818 1004 4876 Kos.
1028 4821 1103 4876 recte
1129 4822 1226 4876 contra
1248 4818 1417 4874 Foucartum
1440 4817 1574 4877 statuisse
