3424 5462
245 284 311 349 270
766 281 880 337 LEGES
900 281 1040 337 SACRAE

245 449 450 528 προβούλου(
495 449 572 513 τοὺς
617 446 667 511 ἀεὶ
712 446 808 511 ὄντα(
849 448 901 511 καὶ
943 447 1019 526 βέλη
1060 446 1229 524 τριακόεια,
1271 444 1362 524 ἄχρι(
1404 445 1446 508 ἂν
1488 445 1557 508 ἐπί-

245 576 357 635 καιρον
394 559 484 632 δοκῆι
522 553 601 618 εἶναι
638 559 687 632 τῆι
728 558 851 633 βουλῆι·
889 557 929 633 μὴ
964 554 1079 619 ἐξεῖναι
1111 554 1148 617 δὲ
1186 551 1362 617 ἀποδόεθαι
1400 553 1440 616 τὰ
1474 551 1560 616 ἆθλα

248 663 268 726 ἃ
311 662 350 726 ἂν
388 662 498 741 λάβηι,
542 663 618 726 τοὺ(
659 663 695 725 δὲ
742 663 937 740 ιτρατηγοὺε
983 661 1018 725 ἐν
1060 664 1109 738 rip
1156 659 1338 725 ἐξοπλαείαι
1385 659 1558 724 ἐξετάζειν·

194 785 227 833 40
247 769 448 849 ἀναγράφειν
485 770 521 832 δὲ
562 767 607 832 sic
644 768 791 847 λεύκωμα
832 769 904 846 ἑξῆε
944 769 1020 832 τοὺε
1062 766 1111 831 ἀεὶ
1148 771 1304 831 νικῶνται
1340 767 1399 841 τὸγ
1441 765 1557 849 γρα[μ-

247 878 359 955 ματέα·
402 876 442 939 ἂν
483 878 518 940 δὲ
561 877 645 940 δόξει
683 874 701 939 ὁ
740 877 850 954 νόμοι,
894 874 1079 953 ἀναγράψαι
1121 873 1165 938 εἰ(
1208 875 1324 952 ετήλην
1361 873 1412 937 καὶ
1450 877 1560 950 ετῆιαι

247 983 291 1047 εἰ(
314 984 353 1047 τὸ
375 983 516 1060 τέμενος.

337 1147 468 1222 Titulus,
496 1148 579 1206 cuius
607 1147 727 1206 litterae
755 1165 865 1222 parvae
892 1146 1039 1206 malleolis
1063 1145 1176 1224 exiguis
1205 1149 1342 1220 ornatae,
1369 1145 1441 1204 olim
1464 1147 1560 1204 minio

248 1246 406 1305 distinctae
438 1246 533 1304 iniens
566 1246 627 1303 fere
659 1245 706 1304 III
732 1265 756 1304 a.
778 1242 845 1304 Ohr.
864 1265 892 1303 n.
912 1245 1062 1304 saeculnm
1093 1244 1236 1319 indicant,
1269 1235 1398 1324 legeml)
1426 1244 1562 1302 continet

248 1327 286 1402 de
308 1343 403 1421 epulis
425 1344 564 1419 ludisque
587 1344 663 1402 festo
687 1343 817 1419 quodam
840 1343 887 1400 die
908 1335 949 1422 (v.
971 1333 1026 1422 20)
1050 1341 1233 1401 celebrandis
1258 1344 1288 1400 et
1306 1341 1561 1400 admlnishnndis.

247 1443 425 1501 Iulietarum
452 1442 548 1519 legem
576 1460 638 1500 esse
660 1441 781 1501 Boeclrh
809 1443 839 1500 et
866 1441 938 1516 quia
964 1441 1087 1500 inventa
1115 1443 1160 1498 est
1181 1439 1279 1500 Iulide
1306 1444 1337 1497 et
1363 1439 1436 1516 quia
1460 1442 1561 1498 aetate

248 1540 450 1617 inscriptionis
476 1539 615 1598 Coressns
638 1559 698 1598 non
720 1539 780 1597 iam
803 1539 910 1597 civitas
933 1538 1054 1614 propria
1081 1539 1201 1612 luisset,
1229 1538 1280 1597 sed
1303 1537 1423 1597 illorum
1445 1541 1562 1614 portus,

246 1638 399 1697 conclusit.
446 1637 557 1696 Gontra
584 1631 726 1716 Rangahe'
753 1636 836 1710 inde,
865 1635 945 1713 quod
972 1656 999 1695 v.
1021 1639 1059 1695 11
1095 1636 1131 1695 de
1161 1635 1309 1695 libertinis
1337 1633 1403 1695 ὅσοι
1429 1632 1464 1694 τὰ
1492 1633 1560 1711 τέλη

246 1733 389 1814 φέρουσιν
407 1735 449 1806 εἰς
463 1735 617 1814 Κορησίαν
636 1754 730 1794 sermo
750 1739 803 1808 est,
823 1733 1010 1794 (loresiorum
1028 1735 1125 1812 legem
1145 1753 1207 1793 esse
1226 1733 1341 1808 statuit
1361 1751 1449 1809 quem
1468 1733 1561 1792 ceteri

246 1836 352 1893 merito
376 1833 471 1892 secuti
494 1837 571 1892 sunt.

340 1930 502 1990 Cuiusnam
524 1930 572 1989 dei
595 1931 734 1990 dicantur
756 1931 921 2004 sollemnia,
946 1929 1124 1990 difficillima
1147 1934 1193 1989 est
1216 1930 1361 2005 quaestio,
1382 1931 1561 2006 praesertim

247 2049 314 2089 oum
341 2049 378 2088 ne
406 2049 465 2088 uno
494 2029 613 2106 quidem
641 2029 706 2088 loco
735 2047 792 2087 vox
820 2032 873 2087 aut
900 2026 972 2100 θεός
995 2031 1048 2087 aut
1071 2027 1128 2088 θεά
1156 2030 1300 2087 occurret.
1346 2027 1439 2085 Varia
1466 2027 1563 2104 igitur

246 2131 395 2204 temptate
419 2131 498 2201 sunt,
520 2147 580 2186 non
603 2130 704 2186 temen
728 2145 870 2203 prospero
894 2145 1044 2200 successu,
1074 2128 1100 2184 si
1123 2125 1197 2202 quid
1220 2125 1315 2185 video.
1362 2125 1482 2184 Boechh
1504 2125 1562 2184 Mi·

247 2245 355 2284 nervae
377 2225 529 2284 Nedusiae
553 2217 664 2306 (Strab.
679 2224 754 2282 VIII
773 2217 863 2304 360),
891 2243 968 2301 quae
991 2243 1084 2300 prope
1106 2223 1259 2284 Poiessam
1282 2223 1447 2298 colebatur,
1476 2241 1563 2282 saera

247 2325 337 2384 fuisse
361 2324 488 2384 coniecit
509 2323 587 2400 ideo,
611 2324 683 2399 quia
705 2323 770 2381 ludi
792 2323 839 2381 illi
862 2323 1007 2381 militares
1030 2323 1220 2399 potissimum
1240 2325 1318 2382 sunt.
1355 2320 1451 2391 Quam
1469 2323 1562 2380 ratio-

247 2441 314 2481 nem
346 2439 466 2498 prorsus
497 2421 641 2480 incertam
668 2439 731 2480 esse
758 2423 851 2496 patet.
901 2420 1000 2497 Bergk
1008 2411 1035 2501 6)
1063 2421 1172 2479 iterum
1200 2420 1236 2479 de
1265 2419 1338 2490 Διὸς
1366 2421 1503 2499 Γεωργοῦ
1532 2423 1563 2477 et

248 2519 431 2596 Μαιμάκτου
459 2518 650 2579 sollemnibus
679 2519 826 2596 cogitavit
855 2518 932 2576 diem
960 2519 1008 2576 hie
1035 2521 1296 2577 commemoratam
1325 2509 1366 2597 (v.
1387 2519 1407 2575 4
1431 2511 1563 2596 [inpiam

248 2615 388 2689 ἀπιόντος
406 2635 445 2676 sc.
461 2609 749 2697 Μαιμακτηριῶνος)
773 2634 948 2691 comparans
972 2635 1039 2675 cum
1056 2616 1284 2675 Atheniensium
1303 2615 1394 2675 sacris
1413 2616 1469 2674 hoc
1487 2619 1562 2674 tem-

248 2735 319 2792 pore
347 2706 477 2795 factis.⁷)
534 2715 592 2774 Sed
623 2717 834 2792 praeterquam
863 2715 944 2790 qnod
975 2712 1076 2791 ἐνάτην
1107 2711 1248 2786 ἀπιόντος
1280 2733 1340 2773 non
1373 2713 1563 2787 sacrificium,

248 2813 299 2873 sed
336 2811 451 2891 ἔνδοσις
486 2811 551 2870 fieri
580 2804 745 2894 iubetur⁸)‚
782 2811 866 2871 nulla
902 2814 1022 2872 omnino
1055 2811 1221 2872 similitudo
1255 2813 1336 2869 inter
1366 2811 1454 2871 huius
1486 2812 1563 2890 legis

249 2911 405 2971 sollemnia
433 2913 463 2968 et
490 2911 603 2969 cultum
631 2910 822 2970 chthonicum
850 2929 885 2970 ec
916 2910 1071 2969 lustralem
1100 2901 1219 2990 illum9)
1252 2909 1454 2986 deprenditur.
1500 2909 1564 2968 Nec

248 3014 349 3068 tumen
376 3008 498 3067 meliore
525 3009 590 3068 iure
614 3008 730 3084 Pridilr,
760 3010 812 3084 qui
839 3007 975 3084 pluribus
1005 3007 1041 3066 de
1068 3007 1125 3066 hec
1148 3027 1179 3066 re
1203 3007 1382 3083 disputavit,
1401 3000 1564 3083 Ἦφαίστια

248 3107 340 3166 fuisse
361 3109 485 3183 propter
507 3107 655 3183 lampadis
678 3105 859 3165 mentionem
883 3099 925 3186 (v.
947 3098 1055 3188 22sq.)
1079 3105 1137 3165 sibi
1159 3098 1366 3187 persuasum),
1393 3107 1481 3181 quasi
1502 3123 1564 3163 non

250 3205 317 3264 aliis
345 3223 462 3281 quoque
489 3205 535 3263 dis
562 3204 717 3281 lampades
741 3203 863 3264 habitae
892 3206 960 3263 sini.
1006 3204 1051 3262 Ae
1078 3204 1157 3280 qnod
1184 3203 1263 3262 diem
1291 3204 1413 3277 festum,
1442 3203 1479 3261 de
1502 3222 1562 3279 quo

250 3303 362 3382 agitur,
391 3303 470 3362 inter
492 3303 623 3360 maxima
645 3303 802 3362 sollemnia
824 3301 1008 3361 numeranda
1031 3320 1095 3362 csse
1118 3302 1245 3375 censuit,
1273 3321 1310 3360 ne
1333 3301 1408 3360 illud
1433 3301 1564 3378 quidem,

250 3401 275 3460 si
298 3400 385 3460 modo
408 3399 539 3458 maxima
561 3400 711 3478 intellegit
734 3401 912 3478 gravissima
935 3401 1117 3476 antiquitate
1140 3405 1171 3458 et
1189 3399 1378 3475 auctoritate,
1401 3400 1477 3458 mihi
1495 3419 1564 3476 pro-

340 3592 366 3658 t)
393 3587 438 3642 bis
456 3587 542 3658 νόμος
560 3587 664 3641 dicitur
682 3606 706 3642 v.
724 3593 737 3640 1
759 3590 788 3641 ct
806 3595 849 3642 41.

340 3671 366 3738 6)
394 3669 524 3740 Beitrdpc
543 3683 565 3722 z.
580 3669 678 3739 priscii.
694 3669 834 3723 Moautsls.
854 3686 881 3737 p.
898 3673 931 3722 38
938 3685 978 3737 sq.

340 3751 367 3818 i)
395 3748 475 3802 Prote
497 3749 582 3803 Fasti
604 3755 754 3803 n.3v.12
778 3752 1036 3816 Μαιμακτηριῶνος
1058 3749 1107 3803 Διὶ
1126 3752 1244 3820 Γεωργξα
1269 3745 1299 3801 ν’
1318 3745 1450 3802 πόπανον
1473 3767 1565 3819 χοινι-

251 3839 345 3884 ιιιαῑον
364 3833 433 3894 κτλ,
457 3827 492 3882 cf.
512 3828 598 3882 etlam
621 3827 708 3898 Harp.
728 3846 784 3883 as.
808 3831 1042 3898 Μαιμακτηριών,
1071 3828 1200 3883 Eustuth.
1224 3846 1252 3897 p.
1273 3832 1392 3895 wahe,
1419 3827 1495 3881 Plut.
1519 3829 1565 3882 Dc

250 3911 368 3964 schira
387 3914 401 3961 9
421 3926 447 3977 p.
463 3907 552 3963 4580.

340 3993 367 4054 8)
395 3988 425 4041 id
444 3989 558 4058 quidem
577 3990 652 4042 recte
670 3989 781 4055 Pridik;
804 3989 897 4042 minus
920 3991 995 4043 recte
1015 4005 1079 4043 ores
1102 3987 1288 4043 immolandas
1308 3991 1342 4058 (v.
1359 3989 1385 4058 7)
1404 4004 1565 4058 repugnare

252 4069 368 4125 confidit
385 4067 443 4122 Iovi
467 4087 522 4123 non
545 4068 600 4122 nisi
619 4069 748 4124 victimas
767 4069 905 4123 masculas
929 4069 1088 4123 immolatas
1111 4085 1172 4124 esse
1194 4071 1279 4123 ratus.
1317 4069 1468 4123 Lubricnm
1488 4069 1565 4122 enim

252 4154 294 4205 est
313 4169 328 4204 e
346 4149 524 4204 victimarum
547 4165 615 4204 sexu
638 4149 673 4202 de
697 4149 740 4202 dis
764 4150 953 4204 coniecturam
980 4148 1085 4218 facere,
1113 4153 1286 4219 quapropter
1312 4149 1396 4204 huius
1422 4149 1463 4203 rei
1489 4149 1566 4202 infre

251 4231 390 4285 rationem
408 4247 464 4284 non
482 4229 582 4295 hahui;
601 4230 636 4284 de
654 4229 733 4283 veria
747 4228 916 4284 Graecorum
930 4231 960 4284 in
974 4230 1028 4284 hec
1042 4247 1072 4285 re
1087 4231 1289 4285 consuetudine
1304 4229 1456 4300 diligenter
1473 4228 1565 4283 multe

252 4309 367 4381 collegit
386 4309 501 4381 Stengel
520 4309 592 4364 KA’
610 4327 637 4378 p.
654 4315 753 4378 135sq.

342 4393 369 4459 9)
396 4389 476 4445 Prott
495 4392 511 4444 l.
522 4407 543 4445 c.
563 4395 700 4459 p.10sq.‚
719 4389 945 4446 Preller-Robert
965 4391 997 4446 G.
1015 4393 1056 4446 M.
1076 4409 1103 4461 p.
1121 4397 1218 4459 181sq.
1239 4393 1268 4444 et
1288 4397 1348 4444 144.

325 4472 368 4539 10)
395 4472 541 4539 praetcrea
561 4466 714 4538 ‘Hcpalossee
737 4469 952 4525 AthenIensium
979 4472 1078 4525 eodem
1105 4470 1163 4526 fere
1186 4471 1313 4540 tempore
1337 4469 1480 4525 celebrata
1503 4485 1564 4524 esse

254 4553 357 4617 censet,
376 4551 425 4604 sed
443 4551 474 4604 id
493 4551 620 4620 sumpsit,
645 4568 701 4605 uon
720 4551 922 4606 demonstravit
941 4551 985 4621 (cf.
1005 4568 1078 4621 quae
1098 4567 1182 4621 supra
1201 4570 1227 4621 p.
1245 4557 1279 4606 53
1302 4550 1440 4620 disserui).
1479 4550 1562 4605 Deni-

253 4647 307 4700 que
326 4631 540 4685 Atheniensium
564 4631 598 4684 de
617 4630 797 4700 Hephaestiis
821 4632 965 4685 decretum
989 4635 1018 4686 et
1039 4632 1113 4685 hanc
1136 4631 1228 4700 legem
1252 4631 1395 4685 simillima
1420 4631 1563 4685 continere

253 4728 309 4766 non
328 4711 427 4766 debuit
444 4709 581 4780 proferre;
601 4710 706 4765 similia
725 4711 799 4764 enim
818 4727 851 4765 ea
869 4713 974 4779 insunt,
994 4727 1066 4781 quae
1085 4711 1215 4766 omnibus
1234 4711 1291 4765 lere
1310 4711 1370 4767 eius
1389 4711 1466 4765 modi
1485 4711 1562 4766 feriis

254 4791 412 4846 communia
431 4807 491 4846 esse
509 4790 645 4856 solebant,
664 4791 783 4845 metoeci
797 4807 861 4844 vero
877 4792 952 4859 quod
971 4792 1121 4860 utrobique
1136 4793 1332 4858 admittuntur,
1351 4790 1423 4845 nihil
1436 4792 1561 4862 profecto

255 4871 291 4924 ad
307 4870 473 4941 religionem
489 4871 600 4925 attinet.
