3426 5462
709 320 865 376 urriols
885 339 911 376 a.
928 328 961 375 ra
1443 322 1485 390 75

172 497 223 550 tar
255 493 333 551 idem
357 492 547 565 Trophonius.
555 481 595 572 ²¹)
642 489 764 550 Coronis
798 495 898 550 autem
930 491 1033 551 eadem
1063 492 1235 568 Aesculapii
1267 495 1364 552 mater
1395 493 1485 571 vulgo

172 589 358 650 credebatur.

264 719 292 756 v.
317 699 411 774 6sqq.
442 697 561 756 divinae
594 697 715 756 comites
743 697 930 773 Aesculapii,
962 717 1037 774 ques
1064 699 1154 776 vulgo
1187 697 1264 756 filias
1296 697 1359 758 eius
1388 699 1484 758 crede-

173 796 258 870 bant,
281 797 487 856 nominantur:
511 795 592 870 lasa,
615 795 719 870 Aceso,
742 795 891 870 Panacea3
920 795 1038 856 eaedem
1068 790 1136 856 tres
1157 797 1188 855 in
1212 796 1391 874 anaglyphis
1414 797 1484 856 duo-

173 895 229 955 bus
264 895 374 954 adsunt
405 886 511 976 (MAI
527 893 616 952 XVII
640 895 717 968 243,
747 893 839 954 ΒΘΗ
858 895 874 954 Ι
899 897 961 954 162
985 915 1013 953 n.
1035 887 1104 976 27);
1137 897 1240 954 contra
1271 895 1485 972 Aristophanes

175 993 254 1054 Plnt.
277 995 350 1068 770,
373 991 425 1052 ubi
449 993 485 1051 de
508 995 574 1067 ipso
597 991 748 1051 Piraeensi
773 993 844 1052 fano
867 995 979 1071 agitur,
1008 993 1171 1053 Panaceam
1196 997 1226 1052 et
1248 993 1385 1054 Iasonem
1408 995 1486 1054 solas

173 1093 312 1151 nominat
334 1091 512 1167 eaedemque
536 1091 612 1150 duae
635 1092 666 1150 in
690 1091 814 1167 antiquo
839 1091 1008 1170 anaglypho
1032 1091 1207 1151 Atheniensi
1231 1091 1318 1150 deum
1342 1094 1484 1151 eomitan-

173 1183 278 1272 tur.²⁸)
330 1189 388 1249 Sed
412 1188 583 1250 recordatus
608 1209 651 1262 ea,
679 1208 755 1266 qnae
784 1209 873 1267 supra
900 1210 928 1266 p.
950 1193 990 1250 72
1020 1190 1055 1248 de
1083 1191 1262 1250 auctoritate
1294 1189 1383 1250 huius
1411 1191 1485 1269 legis

174 1290 315 1364 conclusi,
338 1288 386 1348 hic
410 1307 527 1364 quoque
552 1306 618 1347 eam
641 1306 766 1364 sequens
789 1291 849 1348 tres
873 1290 1040 1364 antiquitus
1060 1291 1182 1350 comites
1201 1288 1317 1348 divinas
1341 1288 1378 1348 ab
1393 1289 1485 1348 Athe·

174 1385 327 1448 aiensibus
351 1387 448 1448 cultas
471 1378 594 1468 esse²⁴)‚
622 1389 726 1462 postea
753 1389 853 1446 autem
876 1386 1039 1446 Aoesonem
1069 1389 1222 1463 tamquam
1248 1386 1370 1447 eandem
1394 1389 1485 1463 atque

173 1487 310 1546 Iasonem
343 1488 405 1546 sive
433 1485 599 1545 Panaceam
632 1487 685 1544 aut
712 1485 830 1561 saepius
862 1486 1028 1564 neglectam
1039 1476 1078 1568 ²⁵)
1107 1488 1160 1544 aut
1187 1485 1255 1545 aliis
1282 1484 1392 1544 deabus
1420 1485 1485 1544 loco

174 1585 296 1645 cessisse
328 1587 410 1661 puto.
461 1583 505 1642 De
539 1584 606 1644 aliis
639 1601 709 1642 sane
736 1584 908 1660 Aesculapii
935 1585 1055 1661 templis
1085 1586 1221 1660 quaestio
1249 1583 1400 1643 difficilior
1427 1586 1484 1659 est3

173 1685 249 1743 satis
276 1683 371 1744 babeo
395 1701 513 1742 monere
537 1682 716 1759 Epidaurios
738 1675 855 1741 ’Ἁκεσιν
877 1683 998 1742 heroem
1025 1683 1149 1744 coluisse
1174 1676 1275 1764 (Paus.
1295 1681 1326 1740 Π
1347 1684 1430 1756 11,λ
1456 1685 1486 1742 et

173 1783 197 1840 I
200 1781 228 1842 G
241 1782 288 1840 111
305 1773 392 1862 170),
416 1782 470 1858 qui
492 1801 509 1840 a
528 1781 680 1840 Piraeensi
698 1779 830 1840 Acesone
853 1783 988 1858 separari
1010 1781 1121 1858 nequit.
1143 1814 1182 1822 —-
1206 1781 1274 1841 Iaso
1299 1781 1329 1839 et
1347 1779 1484 1840 Panacea

174 1883 266 1940 otiam
280 1883 312 1939 in
326 1897 411 1940 saera
424 1879 601 1956 Amphiarai
616 1881 804 1938 intraverunt
822 1899 1006 1957 magnaeque
1026 1899 1095 1940 arae
1114 1880 1186 1954 eins,
1205 1899 1295 1956 qnam
1313 1878 1484 1938 recentioris

174 1981 284 2040 aetatis
302 1979 394 2038 fuisse
418 1968 590 2060 oonstat²⁶)‚
614 1979 775 2054 participes
799 1981 884 2037 erant
907 1971 1008 2057 (Paua.
1027 1979 1042 2037 I
1062 1980 1113 2053 34,
1124 1969 1168 2060 3).

266 2076 453 2157 Προθόματα
486 2075 587 2136 omnia
619 2079 688 2135 sunt
719 2074 849 2154 πόπανα,
881 2097 1007 2153 quorum
1039 2079 1069 2135 in
1103 2076 1255 2138 sacrifieiis
1282 2077 1484 2153 frequentissi-

173 2195 240 2236 mus
265 2177 436 2250 cretaeus,
460 2195 494 2236 ac
517 2174 674 2254 diligentia
697 2194 790 2251 paene
815 2175 911 2250 anxia,
935 2196 994 2252 qua
1019 2177 1074 2236 hec
1096 2177 1162 2254 legs
1190 2194 1355 2235 numerus
1384 2193 1485 2234 eorum

173 2275 282 2352 cuique
305 2275 359 2333 deo
383 2273 499 2334 debitus
522 2276 664 2347 iteratur,
687 2273 838 2334 commode
861 2275 1031 2334 illustratur
1054 2275 1151 2333 verbis
1172 2273 1332 2351 Porphyrii
1354 2275 1389 2333 (λυ
1412 2275 1484 2334 ubst.

173 2373 266 2432 1119
297 2372 328 2431 οἱ
353 2368 384 2432 δὲ
412 2370 446 2431 τὰ
475 2369 540 2452 περὶ
568 2380 626 2432 τῶν
654 2371 828 2452 ἱερουργιῶν
858 2371 1034 2453 γεγραφότας
1062 2369 1111 2431 καὶ
1139 2377 1256 2432 θυσιῶν
1279 2370 1333 2449 τὴν
1356 2369 1422 2450 περὶ
1450 2370 1485 2430 τὰ

173 2469 295 2531 πόπανα
314 2467 466 2551 ἀκρίβειαν
485 2469 642 2548 φυλάττειν
661 2467 917 2552 παραγγέλλουσιν.
956 2471 1000 2530 Ao
1018 2491 1054 2529 ne
1076 2471 1224 2530 formam
1244 2471 1363 2547 quidem
1383 2489 1484 2530 eorum

173 2569 286 2628 nullius
307 2571 450 2628 momenti
473 2569 564 2629 fuisse
588 2569 794 2646 Euthydemus
817 2569 953 2630 sacerdos
977 2570 1071 2644 docet,
1094 2572 1147 2645 qui
1170 2567 1204 2628 τὰ
1227 2566 1348 2629 πόπανα
1371 2577 1485 2649 πρῶτος

172 2666 334 2751 ἑξηκόσαιο
358 2664 378 2726 ἃ
400 2665 454 2748 χρη
478 2667 680 2745 προθόεσθαι,
704 2669 740 2727 cf.
764 2670 849 2728 varia
873 2687 981 2746 genera
1010 2688 1086 2745 (quae
1117 2671 1305 2728 recensentur
1328 2688 1374 2744 ap.
1398 2667 1485 2728 Prott

172 2765 257 2826 Fert.
277 2787 305 2824 n.
326 2767 353 2824 3.

266 2864 310 2924 De
334 2865 399 2943 lege
423 2867 549 2941 antiqua
571 2867 722 2925 hactenus.
767 2867 801 2924 In
826 2867 920 2926 latere
944 2867 1064 2925 sinistro
1088 2865 1237 2924 adduntur
1260 2884 1345 2924 secra
1369 2865 1431 2923 Soli
1455 2868 1485 2924 et

174 2963 336 3023 Memoriae
365 2963 515 3022 facienda:
543 2965 619 3024 duae
650 2965 760 3024 diversi
782 2965 898 3044 generis
921 2966 1075 3042 placentae
1100 2997 1141 3004 --
1165 2960 1309 3044 όιρεστῆρα
1332 2963 1397 3023 dico
1421 2954 1483 3045 (Et.

173 3063 215 3120 M.
230 3082 252 3122 s.
266 3082 294 3120 v.
309 3055 388 3134 εἶδος
410 3064 595 3134 πλακοῦντος
616 3067 678 3136 τοῖς
700 3067 784 3134 θεοῖς
807 3059 1012 3142 ἄφιερωμένον
1035 3060 1131 3141 ὥσπερ
1154 3059 1204 3122 κοιλ
1226 3060 1258 3122 τὸ
1282 3058 1431 3138 πόπανον)
1455 3065 1485 3120 et

173 3159 281 3240 κηρίον
307 3155 447 3237 (Hesycb.
466 3179 487 3220 s.
507 3181 534 3220 v.
558 3159 590 3220 τὸ
613 3168 672 3220 τῶν
695 3164 850 3239 μελισσῶν
874 3158 924 3220 καὶ
946 3153 1024 3233 εἶδος
1047 3151 1260 3242 πλακοῦντος),
1289 3159 1368 3236 quod
1391 3161 1485 3237 igitur

174 3258 254 3317 idem
283 3258 344 3318 fere
373 3277 407 3318 ac
435 3262 603 3336 μελινοῦιια
626 3260 745 3320 videtur
772 3291 815 3300 -
839 3263 869 3322 et
897 3263 972 3338 τρεῖς
1000 3257 1142 3336 νηφάλιοι
1169 3257 1273 3338 βωμοί.
1320 3259 1385 3328 Qua
1413 3277 1484 3318 voce

174 3359 257 3433 ipsas
280 3375 357 3430 aras,
380 3358 412 3415 in
436 3357 543 3434 quibus
567 3359 630 3416 sine
653 3359 724 3417 vino
747 3357 867 3432 libatur,
890 3356 949 3417 dici
973 3377 1042 3417 eum
1064 3358 1177 3433 priores
1196 3359 1392 3434 putavissent,
1418 3357 1483 3415 Dit-

174 3455 335 3534 tonberger
353 3474 429 3534 aras,
453 3455 495 3514 ed
519 3475 607 3531 quas
630 3457 672 3530 fit
692 3458 858 3515 enumerari
877 3475 962 3532 posse
981 3457 1060 3515 inter
1078 3457 1265 3534 προθύματα,
1289 3475 1377 3532 qnae
1401 3456 1485 3528 liunt,

174 3555 299 3632 negavit
321 3553 441 3629 libaque
464 3555 613 3613 intellexit
636 3574 704 3614 arae
728 3555 852 3633 figuram
877 3555 1073 3632 exprimentia
1097 3555 1205 3614 collato
1228 3554 1384 3614 notissimo
1403 3573 1485 3613 more

174 3653 274 3710 varias
298 3651 407 3729 figuras
431 3652 576 3728 placentis
600 3645 838 3732 exprimendissl)
876 3651 933 3711 Sed
952 3654 1080 3729 primum
1100 3652 1181 3712 illius
1200 3651 1312 3730 figurae
1331 3653 1484 3728 placentas

174 3751 303 3809 usitatas
330 3751 421 3811 fuisse
454 3770 548 3828 neque
581 3751 675 3810 ullum
707 3751 909 3811 testimonium
942 3754 1025 3810 extat
1056 3771 1109 3810 nec
1141 3770 1195 3827 per
1226 3769 1256 3810 se
1293 3750 1356 3810 veri
1388 3750 1484 3809 simile

175 3851 235 3922 est,
267 3850 338 3924 quia
367 3849 511 3908 eiusmodi
538 3850 692 3926 placentae
721 3869 822 3908 aarum
850 3850 911 3909 fere
939 3869 1038 3908 rernm
1063 3868 1138 3925 quae
1161 3849 1365 3908 sacrificantur
1387 3849 1484 3908 locum

248 4047 292 4112 22)
318 4045 352 4098 cf.
377 4062 449 4114 quac
477 4062 566 4116 nuper
594 4048 629 4100 de
652 4045 704 4100 hoc
731 4044 793 4101 loeo
817 4050 846 4100 et
869 4045 903 4100 de
927 4047 1056 4100 universa
1079 4049 1181 4100 natura
1203 4045 1333 4100 Mercurii
1358 4045 1483 4100 ohthonii

175 4125 282 4194 optime
301 4127 431 4195 exposuit
449 4125 580 4181 Deubner
598 4129 630 4182 de
649 4128 823 4182 incubatione
841 4145 867 4196 p.
884 4133 918 4180 20
937 4129 994 4181 not.
1011 4134 1033 4181 1.

248 4208 291 4272 23)
312 4207 402 4261 MAI
416 4207 440 4260 X
459 4225 486 4276 p.
502 4212 563 4272 260,
583 4207 616 4262 cf.
637 4207 672 4262 de
691 4207 744 4262 hae
762 4223 791 4261 re
811 4207 916 4262 Usener
937 4209 1131 4264 Gdtternanrro
1148 4227 1175 4278 p.
1195 4214 1242 4262 164
1251 4227 1290 4278 sq.

249 4289 292 4356 24)
320 4290 353 4341 ut
379 4287 426 4341 hio
454 4303 565 4356 quoqne
595 4288 751 4342 trinitatem
780 4288 922 4356 quendam
950 4282 1105 4344 obtinuisse
1133 4292 1279 4358 appareat;
1308 4289 1343 4344 cf.
1371 4289 1483 4356 Usener,

175 4367 301 4422 Dreihes't
318 4387 345 4438 p.
362 4373 404 4421 14.

248 4449 292 4516 ab)
312 4447 389 4503 velut
402 4448 604 4518 Aristophanes
617 4450 771 4505 Aoesonem
787 4451 977 4519 praetermisit
991 4465 1025 4504 ea
1039 4451 1140 4517 aetate,
1155 4468 1212 4520 qua
1226 4467 1288 4504 eam
1303 4449 1408 4505 cultam
1423 4467 1483 4505 esec

175 4527 222 4580 hic
242 4527 342 4582 titulus
366 4529 447 4583 testie
471 4532 515 4584 est
538 4530 721 4596 certissimum
746 4531 795 4584 sed
818 4548 885 4584 num
909 4531 938 4585 in
957 4531 1019 4600 ipso
1038 4529 1115 4584 cultu
1134 4549 1267 4600 nmquam
1286 4532 1416 4602 neglecta
1438 4532 1483 4598 sit,

176 4607 288 4676 dubito,
309 4609 408 4678 utique
427 4625 462 4663 ne
481 4610 600 4679 posteris
620 4611 734 4680 quidem
753 4611 927 4680 temporibus
945 4611 1081 4666 memoria
1099 4611 1159 4665 eius
1183 4613 1273 4666 deest:
1294 4611 1328 4666 of.
1348 4627 1483 4681 paeonem

177 4687 353 4743 Macedonici
373 4691 393 4743 I
397 4689 422 4744 G
436 4688 475 4743 ΙΠ
490 4691 565 4744 171b
580 4709 603 4744 v.
621 4697 719 4760 ldsqq.
734 4699 784 4746 τοῦ
803 4688 832 4745 d'
850 4689 977 4762 ἐγένοντο
997 4724 1029 4731 --
1052 4725 1083 4732 -
1104 4689 1154 4761 ἠδ’
1171 4689 1253 4747 Ἰασὼ
1270 4688 1368 4748 Masada
1388 4711 1416 4747 τε
1435 4693 1483 4748 καὶ

175 4767 264 4839 Αἴγλη
282 4770 331 4823 καλ
349 4767 511 4836 Παυακελα,
528 4767 663 4841 Ἠπιόνης
682 4772 845 4846 [θύγατρες]
865 4774 916 4826 σὺν
935 4771 1095 4845 ἀριπρέπσῳ
1109 4769 1219 4851 ’Τγιεόρκ

248 4853 292 4919 26)
310 4849 459 4918 Πρακτικολ
480 4857 548 4906 1884
566 4870 594 4922 p.
609 4857 642 4906 92
662 4872 719 4908 πιν.
736 4853 766 4908 Ε.

249 4933 293 5002 ⁸2⁷)
313 4929 427 5001 Stengel
447 4932 614 4991 Kaumana
632 4951 658 5002 p.
675 4939 716 4988 90.
