3450 5458
240 279 305 345 150
753 278 869 334 Lucas
889 277 1029 334 SACRAE

239 460 273 510 ao
293 440 486 530 expompet
514 441 605 528 ἐ]))ὰν
633 443 914 508 serenissimos
944 443 1114 523 spasmus,
1147 445 1199 509 καὶ
1226 446 1388 526 (τέφανον
1412 448 1463 510 καὶ
1492 450 1550 524 λη-

293 549 464 635 scirpos}
486 547 490 636 Ι
511 552 563 615 καὶ
586 551 751 616 stellato(
774 552 902 626 γένοιτο
926 555 993 616 τοῖς
1017 550 1129 615 ἁπλῶς
1152 553 1503 636 προ(πορεοομένοι[ε].

327 698 396 757 Non
423 696 520 756 rideri
549 698 673 756 titulum
699 697 731 755 Π
757 701 827 774 post
850 695 916 757 (ihr.
936 718 964 756 n.
984 699 1101 757 saeculo
1130 701 1254 757 exeunte
1278 699 1326 758 rel
1353 698 1401 758 III
1428 699 1551 760 ineunte

238 796 369 873 priorem
396 794 609 873 Dittenberger
636 794 814 871 quibusdam
842 796 1007 871 scriptume
1035 795 1152 856 indiciis
1180 796 1252 856 olim
1281 797 1415 876 collegit,
1442 799 1551 874 ntique

237 894 452 970 imperatorum
476 892 678 953 Romanorum
707 895 805 953 aetate
833 911 893 952 non
921 911 984 953 esse
1008 893 1207 970 antiquiorem
1230 913 1327 970 nuper
1353 894 1549 956 confirmavit.

328 989 406 1068 Μὴν
434 990 651 1067 antiquissimis
679 991 751 1050 olim
779 990 962 1068 temporibus
985 991 1064 1050 haud
1088 990 1176 1050 dubie
1200 992 1237 1051 ab
1266 992 1403 1052 omnibus
1427 991 1550 1052 Graecis

237 1089 310 1149 deus
333 1088 453 1148 habitus
461 1081 503 1168 ¹⁰)
526 1090 659 1149 servarit
681 1089 793 1148 cultum
818 1107 886 1149 cnm
909 1089 940 1148 in
963 1092 1029 1150 tota
1052 1090 1113 1148 fere
1136 1089 1209 1149 Asia
1228 1091 1342 1150 minore
1361 1091 1549 1166 Thraciaque

237 1190 303 1246 tum
335 1189 368 1247 in
403 1187 552 1264 Phrygiae
588 1185 702 1263 Lydiae
733 1185 864 1246 Pisidiae
902 1186 1025 1248 urbibus
1036 1180 1089 1268 11),
1123 1186 1200 1246 unde
1236 1187 1347 1247 iterum
1382 1188 1550 1248 recentiore

238 1288 338 1345 aetate
362 1285 393 1343 in
417 1282 573 1344 Graeciam
596 1285 745 1361 pervenit,
772 1287 805 1344 in
827 1284 961 1346 Atticam
988 1287 1049 1344 iam
1071 1283 1119 1344 111
1142 1289 1212 1344 ante
1236 1284 1303 1344 Chr.
1324 1305 1353 1344 n.
1371 1279 1549 1366 saeculc¹⁸),

237 1383 290 1442 ubi
326 1385 427 1442 tumen
459 1400 575 1459 semper
607 1382 727 1459 privata
762 1383 836 1442 haec
873 1401 957 1442 sacra
994 1384 1136 1443 mansisse
1173 1402 1328 1444 servorum
1360 1385 1550 1461 potissimum

237 1480 418 1540 Asianorum
442 1480 575 1540 Dittenb.
598 1483 677 1540 recte
705 1483 831 1540 monuit.
876 1481 1030 1540 Xanthum
1057 1480 1135 1542 hunc
1158 1481 1284 1558 Lycium
1312 1501 1430 1542 serrum
1457 1483 1549 1542 fnisse

238 1599 257 1638 a
280 1579 399 1638 domino
423 1579 558 1638 Romano
581 1578 612 1636 in
636 1579 766 1638 metallis
790 1578 926 1639 Lauricis
950 1580 1128 1639 collocatum
1151 1580 1213 1639 iam
1235 1580 1367 1640 Foucart
1389 1579 1475 1640 vidit.

327 1676 363 1735 V.
376 1678 451 1736 2-7
467 1680 626 1750 praccepta
644 1677 790 1737 lustratia.
823 1698 850 1736 r.
867 1680 885 1736 3
905 1673 964 1737 ἀπὸ
985 1675 1120 1758 σκόρδων
1137 1675 1187 1736 καλ
1205 1674 1342 1757 χοιρὲωνε
1360 1678 1442 1738 cibos
1461 1696 1548 1754 quos·

237 1774 307 1833 dam
329 1774 462 1850 impuros
485 1773 594 1833 habere
617 1774 747 1832 alienum
771 1777 845 1847 erat,
868 1775 900 1834 ni
922 1775 1113 1835 vehementer
1135 1775 1237 1850 fallor,
1261 1795 1280 1835 a
1303 1779 1434 1854 genuina
1458 1774 1550 1834 Grae-

237 1891 339 1932 corum
361 1871 506 1950 religione
514 1863 562 1953 ¹⁸),
586 1875 616 1931 et
638 1872 713 1931 talia
731 1876 892 1949 praecepta
911 1876 964 1932 aut
983 1872 1228 1952 philosophorum
1247 1873 1400 1933 doctrinae
1420 1874 1549 1934 anctori-

237 1974 333 2031 tatem
356 1975 409 2030 aut
432 1970 604 2048 peregrinos
627 1970 724 2030 cultus
747 1972 876 2029 maxime
900 1971 1059 2030 orientales
1081 1971 1227 2046 produnt,
1254 1971 1338 2031 velut
1365 1970 1437 2030 haec
1460 1971 1549 2031 homo

237 2067 347 2145 Lycius
378 2069 543 2144 praecepit;
578 2070 615 2128 cf.
644 2070 736 2128 etism
767 2089 796 2127 n.
822 2070 872 2128 91.
897 2070 948 2128 92.
974 2069 1045 2128 148.
1092 2068 1228 2128 Allium
1262 2071 1354 2128 etiam
1386 2068 1550 2128 cultoribus

238 2166 344 2227 Matris
362 2167 494 2226 Deorum
512 2167 669 2227 vitandum
691 2167 760 2241 fuit,
783 2167 819 2225 cf.
839 2166 970 2243 lepidam
993 2165 1030 2226 de
1049 2165 1185 2243 Stilpoue
1204 2167 1405 2226 narrationem
1425 2159 1549 2247 (Athen.

236 2265 264 2323 X
287 2257 392 2345 sard)
420 2284 510 2342 quam
538 2264 669 2324 Foucart
695 2267 757 2325 iam
789 2265 895 2324 attulit
926 2265 1046 2324 omnino
1075 2265 1111 2322 de
1138 2264 1195 2323 hec
1227 2267 1313 2341 parte
1346 2265 1549 2341 inscriptionis

237 2362 417 2423 illustranda
435 2364 548 2440 optime
566 2364 698 2422 meritus.
732 2362 925 2422 Porcorum
943 2381 1014 2421 vero
1034 2381 1152 2422 carnem
1171 2362 1316 2438 plurimas
1331 2366 1435 2441 gentes
1450 2364 1547 2422 oricu-

236 2461 314 2520 tales
336 2463 485 2537 impuram
508 2460 647 2520 habuisse
668 2479 756 2520 nemo
779 2452 928 2540 noscitu)

326 2558 363 2617 V.
383 2560 402 2617 4
426 2555 485 2618 ἀπὸ
508 2557 663 2638 γυναικόςτ
686 2559 749 2618 iam
771 2557 918 2618 Hesiodus
941 2558 1011 2635 Erg.
1034 2560 1110 2618 731:

495 2693 566 2778 μηδ’
592 2699 692 2760 atteia
714 2709 789 2784 γονῇ
812 2695 1034 2779 πεπαλαγμένος
1057 2697 1164 2758 ἔνδοθι
1187 2699 1273 2760 οἴκου

495 2795 575 2880 ἑστίῃ
600 2795 765 2876 ἐμπελαδὸν
788 2793 1022 2876 παραφαινέμεν,
1045 2788 1108 2857 ἀλλ’
1133 2793 1278 2856 ἀλέασθαι

326 3023 353 3092 9)
382 3021 519 3092 supplevi,
539 3019 772 3092 61111Μοροοε.
792 3038 819 3073 n.
836 3025 886 3074 186
905 3037 930 3074 ν.
945 3027 979 3075 46
1001 3019 1144 3091 παρεχέτω
1163 3021 1195 3076 dt
1214 3021 1263 3075 καλ
1281 3019 1446 3089 ἀκροάματα
1464 3019 1549 3088 αὐλη-

235 3101 287 3170 τὴν
306 3101 439 3171 ονριαιήν
457 3099 634 3170 κιθαριστήν.
665 3101 749 3155 Fouc.
767 3103 952 3169 proposuerat
970 3100 1165 3172 ἀκρο[κιὀλια],
1183 3100 1263 3155 Dttb.
1283 3099 1447 3154 dubitanter
1465 3100 1550 3167 ἀκρο-

237 3179 348 3253 [uteros
367 3183 415 3237 aul
435 3181 497 3253 ἐ]ὰν
515 3184 570 3235 κτλ.

309 3263 353 3331 10)
381 3261 503 3316 Foucart
521 3262 538 3314 l.
549 3278 570 3316 c.
585 3277 612 3330 p.
624 3265 684 3328 120,
703 3259 811 3314 Usener
830 3260 951 3316 Gottem
965 3277 993 3330 p.
1007 3265 1048 3314 96.

310 3345 353 3411 11)
383 3343 543 3397 accuratius
562 3341 597 3396 de
615 3341 669 3396 hac
683 3357 714 3396 re
728 3342 846 3411 egerunt
856 3338 1050 3411 Waddington
1069 3340 1105 3394 ad
1120 3340 1233 3394 Lebesii
1247 3340 1330 3394 inscr.
1344 3358 1371 3409 p.
1384 3345 1435 3393 215
1450 3343 1549 3405 11868,

236 3421 353 3475 Drexler
371 3421 400 3475 in
418 3421 554 3476 Roscheri
573 3421 637 3476 hex.
652 3419 705 3473 112
724 3437 751 3489 p.
767 3425 912 3488 96811611,
935 3419 1079 3474 Perdriaet
1097 3419 1193 3475 ΒΘΗ
1209 3425 1277 3474 1896
1296 3438 1323 3489 p.
1339 3426 1373 3474 66
1381 3437 1441 3489 sqq.

309 3505 353 3572 11)
376 3501 427 3556 Ιθ
445 3501 471 3555 Π
490 3507 559 3556 ieet
579 3500 729 3564 Διονύσιος
747 3501 796 3554 καὶ
814 3497 940 3571 Βαβνλιά
957 3508 1007 3554 νῶι
1026 3501 1106 3571 Μηνὶ
1124 3499 1155 3555 τὸ
1175 3499 1251 3567 ἱερὸν
1270 3498 1412 3555 ἀνέθεσαν
1432 3501 1460 3553 et
1479 3503 1548 3554 1693

236 3581 422 3651 Μιτραδάτης
439 3583 488 3636 καλ
506 3581 524 3652 ν)
543 3581 614 3651 γυνὴ
633 3577 720 3651 Μηνλ.

309 3664 353 3732 19)
379 3661 489 3717 diversa
507 3662 639 3716 nimirum
658 3661 714 3716 fuit
732 3660 908 3715 sacerdotum
928 3661 1064 3725 condicio,
1084 3677 1202 3729 quorum
1220 3677 1277 3714 non
1295 3676 1400 3730 paucos
1419 3657 1548 3712 debuisse

236 3742 307 3797 cibis
327 3743 497 3810 quibusdam
513 3742 655 3797 abstinere
670 3759 733 3796 cnm
748 3741 783 3794 dc
798 3755 881 3795 carne
894 3741 925 3794 in
938 3741 1099 3795 uuiversum
1113 3740 1261 3811 praedicat
1274 3739 1375 3810 Porph.
1391 3741 1436 3794 De
1449 3739 1547 3794 ababa.

237 3821 302 3876 Ive
322 3825 390 3892 (τοῖς
408 3819 506 3878 τοίνυν
525 3821 628 3888 leuetur
646 3830 705 3884 τοῖς
723 3822 773 3890 μὲν
791 3829 847 3875 τῶν
866 3819 943 3894 ζῴων
961 3820 1086 3887 πάντων,
1103 3829 1163 3884 τοῖς
1181 3819 1215 3876 δέ
1230 3841 1316 3876 τινων
1334 3819 1447 3881 πάντας
1463 3835 1550 3886 προο-

235 3901 366 3957 τέταιιται
389 3901 547 3973 ἀπέχεσθαι
570 3904 668 3974 βορᾶς,
694 3901 730 3956 ἄν
748 3921 777 3956 τε
797 3898 961 3970 Ἑλληνικὸν
980 3900 1049 3964 ἔθος
1071 3908 1178 3972 σκοπῇς
1200 3899 1236 3955 ἄν
1255 3919 1284 3954 rs
1310 3898 1465 3971 βάρβαρον)
1488 3901 1548 3952 tum

236 3983 320 4037 certis
339 3981 509 4052 quibusdem
532 3983 701 4037 testimoniis
721 3982 901 4036 confirmatur
919 3980 1046 4052 (Stengel
1066 3981 1137 4036 KA’
1155 3999 1181 4050 p.
1198 3983 1252 4050 36).
1284 3981 1323 4034 At
1341 3978 1482 4033 abstinere
1501 3979 1548 4032 de-

237 4061 331 4116 buisse
354 4063 432 4132 idco,
455 4079 491 4117 ue
509 4063 613 4132 impuri
633 4063 743 4130 fierent,
762 4059 840 4115 nullo
858 4061 1021 4116 testimonio
1041 4064 1152 4115 constat
1170 4077 1222 4115 nec
1241 4059 1375 4116 credibile
1394 4061 1449 4126 est,
1472 4058 1548 4113 velut

237 4143 313 4211 quod
332 4142 470 4197 sacerdoti
489 4143 632 4198 Minervae
650 4141 775 4196 Palladis
791 4140 958 4196 Atheniensi
978 4156 1059 4196 caseo
1078 4141 1173 4195 Attico
1191 4141 1266 4195 vesci
1284 4138 1363 4194 nefas
1383 4143 1452 4208 erat,
1471 4155 1548 4208 pere-

236 4222 318 4294 grino
336 4222 380 4277 fes
395 4221 496 4290 (Streb.
511 4222 549 4276 IX
563 4229 624 4290 896,
645 4222 680 4277 cf.
694 4222 796 4277 Athen.
811 4221 849 4274 IX
864 4225 956 4292 8766),
976 4237 1061 4276 cansa
1079 4237 1135 4275 nou
1154 4221 1210 4275 luit
1228 4221 1329 4291 opinor
1346 4235 1389 4288 ea,
1409 4222 1442 4274 ut
1459 4235 1548 4273 secer-

237 4303 333 4356 dotem
351 4303 446 4357 Attico
469 4303 609 4372 impuram
632 4302 705 4370 fieri,
729 4303 876 4373 peregrino
899 4319 955 4356 uon
978 4303 1048 4356 item
1071 4301 1285 4356 arbitrarentur.
1322 4300 1414 4370 Magis
1435 4299 1473 4354 ed
1490 4316 1548 4353 rem

236 4383 381 4450 pertinent
403 4384 600 4453 mysteriorum
624 4385 692 4437 nota
715 4382 766 4437 illa
789 4383 824 4436 de
847 4382 973 4439 ciborum
997 4383 1173 4451 quorundam
1197 4380 1370 4435 abstinentis
1388 4381 1547 4450 praecepta,

238 4461 288 4516 sed
306 4463 336 4515 in
350 4461 394 4516 his
409 4463 588 4533 potissimum
603 4464 776 4534 ambignum,
795 4463 864 4532 quid
878 4463 1013 4531 antiquae
1026 4462 1158 4532 religioni
1177 4461 1301 4517 Graecae
1316 4460 1461 4528 debeatur,
1481 4459 1548 4528 quid

237 4541 343 4612 Orphei
358 4542 592 4614 Pythagoraeque
606 4544 735 4598 doctrina
749 4545 891 4598 invectum
909 4543 959 4609 sit3
979 4543 1034 4596 vid.
1050 4558 1121 4611 quae
1138 4542 1174 4597 de
1189 4542 1242 4597 hac
1257 4541 1423 4611 quaestione
1437 4541 1548 4610 egregie

236 4621 354 4693 collegit
373 4625 401 4676 et
419 4622 574 4679 illustravit
592 4623 704 4678 Lobeclr
723 4625 858 4695 Aglaopt.
878 4642 904 4693 p.
922 4628 972 4677 189
981 4641 1041 4692 sqq.

310 4706 352 4773 11)
382 4702 416 4758 cs.
437 4719 459 4757 e.
476 4722 511 4773 g,
535 4706 568 4757 nt
585 4707 696 4758 taceam
719 4703 754 4758 de
772 4703 901 4771 ludaeis,
925 4702 1039 4758 Diodor.
1058 4703 1083 4755 V
1098 4707 1131 4756 81
1161 4701 1196 4757 de
1219 4702 1306 4756 sacris
1329 4700 1497 4755 Hemitheae
1519 4701 1547 4753 iu

237 4781 408 4838 Chersoneso
433 4783 540 4851 cultae,
564 4782 791 4839 strennuum
814 4783 850 4839 de
868 4784 1012 4838 Anaitidis
1035 4783 1152 4837 delubro
1176 4783 1206 4836 in
1229 4781 1319 4837 Ponto
1342 4782 1411 4847 sito,
1435 4780 1548 4835 Luciau.

237 4861 282 4918 De
300 4863 350 4918 deu
370 4863 432 4934 Syr.
448 4869 491 4932 64,
510 4863 709 4934 Dittcnberger
729 4864 774 4919 Or.
792 4863 892 4920 Graeci
910 4865 996 4920 Issscr.
1012 4869 1073 4918 210.
