3426 5462
295 308 338 372 22
813 305 925 360 mons
945 305 1084 360 suosne

292 475 479 537 indutiarum
501 477 657 554 aptissima
679 477 762 550 sunt,
791 475 900 552 quippe
923 494 999 552 quae
1022 475 1157 534 indutiae
1179 477 1212 534 in
1234 474 1306 534 belii
1329 476 1449 552 regione
1474 475 1605 534 Thracia

294 577 410 654 patrari
433 594 492 634 non
515 575 668 651 potuerint
687 565 792 655 (Thuc.
807 572 851 632 IV
863 565 1022 655 122sqq.),
1045 577 1079 632 ut
1100 573 1169 633 hinc
1192 592 1262 650 sane
1281 594 1341 633 non
1358 576 1480 649 possent
1497 574 1604 650 primi-

294 676 355 734 tiae
375 673 532 750 expectari.
564 672 652 732 Anno
670 673 765 750 igitur
784 665 901 750 423l22
922 691 956 732 ac
975 673 1001 731 si
1018 671 1177 749 prytauiee
1196 671 1361 743 definitioni
1380 691 1406 732 v.
1423 673 1465 731 60
1484 674 1604 731 tanturn

295 772 424 832 tribuere
443 772 523 846 lieet,
546 773 653 831 octava
670 772 812 847 prytanis
830 770 980 829 archontis
999 771 1146 846 Amyniae
1165 771 1361 830 Athenienses
1380 748 1453 830 hade
1471 771 1617 830 sanxisse·

294 889 471 948 persuasum
493 869 597 928 habeo.

294 977 295 982 ’
385 969 469 1028 Duae
493 971 594 1026 autern
617 971 688 1027 sunt
709 965 793 1026 tituli
820 971 933 1043 partes3
961 965 1079 1026 decreto
1107 969 1186 1026 enim
1208 967 1268 1045 ipsi
1296 967 1464 1027 adnectitur
1487 965 1606 1025 addita-

295 1070 430 1126 mentum
447 1056 671 1147 Lamponisffi),
694 1065 773 1141 quod
797 1066 853 1124 etsi
876 1084 972 1142 pauca
996 1065 1031 1124 de
1050 1063 1235 1124 inscribendo
1257 1065 1310 1125 illo
1329 1065 1422 1140 addit,
1444 1065 1606 1142 praecipue

295 1170 396 1226 tamen
424 1165 462 1223 ad
488 1183 535 1223 res
558 1164 655 1240 specie
683 1163 808 1240 alienas,
837 1163 985 1240 Pelasgici
1013 1183 1114 1222 curum
1142 1168 1173 1222 et
1199 1165 1308 1250 mensis
1335 1164 1606 1238 intercalationem,

296 1263 433 1341 pertinet.
479 1260 639 1330 Quaeritur
662 1280 722 1337 qna
743 1262 858 1321 ratione
883 1281 950 1321 cum
973 1261 1089 1321 decreto
1113 1263 1304 1324 coniunctum
1328 1262 1381 1337 sit,
1408 1281 1478 1321 nam
1502 1261 1607 1338 aliqua

296 1365 373 1422 certe
405 1363 521 1420 ratione
555 1359 747 1418 coniunctum
779 1359 818 1420 sit
850 1379 966 1421 necesse
1000 1363 1052 1420 est.
1102 1360 1233 1420 Foncart
1265 1379 1332 1419 cum
1359 1359 1456 1420 verbis
1486 1363 1532 1420 ter
1559 1381 1605 1420 re·

295 1458 480 1520 'currentibus
508 1454 582 1517 κατὰ
605 1455 639 1516 τὰ
662 1457 769 1538 πάτρια
796 1454 846 1517 καί
873 1456 937 1535 τὴν
965 1457 1135 1536 μαντείαν
1162 1456 1226 1536 τὴν
1249 1456 1286 1539 ἐγ
1309 1461 1458 1534 Δελφῶν
1481 1449 1522 1540 (v.
1543 1451 1607 1539 Alb,

297 1559 349 1633 26,
369 1549 425 1638 34)
445 1556 588 1616 adductus
611 1556 707 1633 legem
731 1556 767 1616 de
790 1555 931 1633 primitiis
952 1557 1067 1616 omenti
1085 1555 1168 1616 iussu
1186 1561 1322 1636 rogatam
1342 1555 1534 1632 existimaret,
1558 1577 1606 1616 res

297 1655 489 1732 ahampone
518 1653 635 1713 additas
664 1654 744 1730 ipsas
768 1673 885 1730 quoqne
914 1654 1045 1714 eiusdem
1072 1656 1185 1715 oraculi
1211 1655 1296 1718 iussu
1323 1655 1455 1733 praecipi
1479 1656 1607 1714 coniecit

296 1759 326 1814 et
349 1752 424 1813 illud
447 1751 559 1812 oraculi
578 1751 697 1828 Pythici
721 1749 939 1833 ἀκροτελεύτιον
963 1747 1011 1813 ’τὸ
1033 1751 1215 1834 Πελασγικὸν
1238 1749 1330 1833 ἀργὸν
1353 1748 1502 1832 ἄμεινον’,
1525 1753 1606 1830 quod

296 1851 482 1928 Thucydides
512 1851 548 1909 ab
573 1849 801 1910 Atheniensibus
829 1852 949 1911 ineunte
972 1851 1051 1911 bello
1074 1852 1242 1930 neglectum
1272 1855 1376 1910 namet
1399 1843 1530 1934 (1117),
1554 1851 1605 1912 nd·

296 1950 401 2009 hibuit
438 1949 503 2008 Iam
526 1948 581 2008 hoc
604 1949 756 2008 oraculum
774 1949 851 2008 falso
875 1948 912 2008 ab
936 1968 970 2009 eo
992 1949 1126 2009 adhiberi
1150 1969 1216 2009 curn
1236 1950 1354 2008 aliunde
1363 1941 1401 2031 ¹⁴)
1420 1953 1486 2009 tum
1505 1953 1606 2010 aetate

296 2047 379 2108 tituli
406 2065 484 2106 nune
511 2047 621 2106 rectius
645 2046 767 2105 definita
797 2049 941 2126 arguitur.
989 2046 1047 2108 Sed
1069 2051 1241 2108 universum
1264 2049 1319 2107 hoc
1343 2067 1485 2108 conamen
1509 2049 1606 2126 legem

297 2151 328 2206 et
351 2145 587 2205 additamentum
610 2147 672 2204 eius
692 2164 726 2202 er
750 2145 863 2206 oraculi
885 2145 967 2206 iussu
989 2147 1141 2223 repetendi
1164 2147 1356 2207 fundamento
1380 2149 1469 2207 caret.
1506 2146 1607 2206 Verba

298 2245 376 2304 enirn
400 2243 511 2303 decreti
533 2241 607 2304 κατὰ
630 2241 664 2302 τὰ
687 2241 795 2324 πάτρια
818 2241 866 2303 καί
890 2241 944 2322 τὴν
968 2245 1106 2322 μαντείαν
1129 2243 1183 2322 τὴν
1207 2239 1239 2325 cy
1253 2247 1390 2322 Δελφῶν,
1413 2245 1469 2304 etsi
1487 2246 1537 2303 vix
1561 2249 1607 2305 est

298 2343 421 2403 dubium
445 2343 516 2418 quin
540 2362 571 2400 re
594 2360 665 2402 vera
688 2343 845 2418 antiquum
868 2343 1021 2402 oraculum
1043 2333 1260 2425 respiciant¹⁶),
1282 2344 1332 2403 hic
1349 2346 1450 2402 tamen
1469 2336 1605 2425 uuamffi)

296 2441 399 2519 potius
421 2439 580 2500 formulam
604 2439 745 2516 efficiunt,
779 2459 838 2516 qua
860 2441 932 2517 quid
955 2443 986 2500 et
1008 2441 1176 2518 antiquitus
1200 2445 1230 2500 et
1252 2441 1396 2500 divinitus
1420 2441 1606 2501 commenda-

297 2542 364 2598 tum
386 2538 582 2615 praedicetur.
624 2538 700 2596 Tum
718 2557 788 2598 vero
812 2571 849 2579 -
875 2541 966 2616 atque
989 2539 1020 2597 id
1040 2539 1251 2617 gravisdmum
1277 2573 1314 2580 —
1340 2541 1372 2598 in
1400 2539 1606 2600 additamento

297 2637 459 2713 Lamponis
486 2635 570 2694 nulla
597 2637 717 2694 omnino
745 2636 859 2696 oraculi
887 2657 920 2696 sc
942 2656 978 2695 ne
1001 2637 1146 2696 formulae
1169 2638 1289 2714 quidem
1314 2638 1396 2697 iliius
1426 2637 1539 2697 mentio
1562 2641 1606 2696 in-

298 2740 351 2796 est.
397 2734 554 2811 Explicare
579 2735 673 2812 igitur
700 2733 838 2794 debemus
863 2734 1097 2794 additamentum
1121 2736 1246 2796 erebus
1279 2737 1360 2813 ipsis.
1411 2737 1474 2796 Nec
1505 2739 1606 2795 tamen

299 2833 333 2892 A.
359 2831 502 2908 Schmidt,
530 2832 611 2908 quod
637 2849 729 2892 novas
758 2851 825 2892 aras
856 2836 979 2910 propter
1005 2833 1123 2893 futuras
1151 2835 1282 2911 ipsorum
1306 2835 1533 2895 Atheniensium
1558 2835 1606 2893 de-

298 2931 461 2991 dicationes
488 2928 653 3006 prohibitas
681 2949 743 2990 esse
767 2930 928 3008 eademque
959 2933 994 2991 de
1026 2951 1115 2991 causa
1139 2935 1259 2992 cautum
1284 2932 1409 2992 coniecit
1431 2952 1468 2991 ne
1491 2932 1606 3010 lapides

298 3031 464 3106 humusque
487 3031 507 3088 i.
522 3049 545 3089 e.
565 3030 703 3088 materies
723 3028 912 3088 donariorum
931 3031 1127 3105 auferrentur,
1150 3031 1223 3089 mihi
1246 3033 1401 3107 persuasit.
1438 3031 1518 3091 Illud
1536 3029 1607 3089 licet

300 3129 505 3202 concedamus
532 3127 587 3186 hoc
609 3130 673 3186 veri
700 3127 789 3203 plane
812 3126 955 3187 dissimile
979 3129 1103 3188 videtur.
1149 3129 1228 3187 Nam
1251 3129 1282 3186 id
1305 3132 1413 3206 ipsum,
1440 3129 1520 3205 quod
1548 3149 1606 3188 nou

299 3218 439 3307 semet¹⁷)
467 3225 569 3285 eodem
601 3226 689 3284 modo
717 3225 753 3285 de
780 3226 954 3304 integritate
983 3227 1121 3286 fanornm
1154 3229 1289 3301 cavetur,
1321 3226 1399 3286 hunc
1430 3245 1517 3286 usum
1549 3229 1606 3286 sol-

299 3327 423 3384 lemnem
440 3325 531 3384 fuisse
548 3324 680 3383 declarat
694 3329 724 3384 et
737 3344 800 3383 una
814 3325 975 3401 eademque
989 3326 1105 3384 ratione
1119 3325 1336 3400 explicandum,
1350 3325 1495 3402 religione
1508 3328 1606 3386 terrae

299 3442 409 3484 sacrae.
446 3423 551 3498 Itaque
574 3421 672 3482 nescio
696 3442 735 3482 an
759 3425 852 3483 artior
875 3422 997 3499 qnidam
1016 3423 1162 3482 Eleusinii
1185 3426 1215 3482 et
1234 3423 1381 3502 Pelargici
1398 3442 1525 3484 conexus
1545 3425 1605 3484 sta-

390 3594 434 3662 13)
457 3594 535 3646 vates
554 3593 597 3646 eat
614 3591 776 3646 notissimus
795 3593 844 3661 qni
863 3591 995 3663 ἐξηγητής
1012 3592 1163 3647 vocabatur
1182 3593 1278 3663 (schol.
1298 3593 1440 3664 Aristoph.
1456 3593 1529 3648 Nub.
1546 3598 1606 3658 331,

301 3671 686 3743 nup01.11p.eeo‚eet1.);
715 3671 850 3742 ἐξηγητὴν
872 3671 1071 3744 πυθόχρηστον
1094 3689 1158 3728 eum
1185 3673 1272 3728 fmase
1298 3674 1417 3730 coniecit
1441 3673 1553 3744 Sauppe
1579 3675 1608 3728 et

300 3752 492 3844 comprobavit
510 3751 634 3808 Dittenb.
654 3754 770 3822 propter
793 3752 898 3807 oraculi
921 3753 1092 3807 mentionem
1111 3771 1134 3807 s.
1150 3759 1179 3820 6,
1204 3771 1276 3823 quae
1295 3757 1391 3808 tamen
1408 3755 1481 3809 ratio
1500 3754 1607 3808 caduca

300 3835 351 3901 est,
371 3833 672 3980 ἮῙᾷί)ῃίίίίρῦατελεύτα)ν
691 3912 766 3983 quod
785 3912 963 3982 Thucydides
982 3915 1103 3983 spectat,
1128 3913 1254 3969 simodo
1273 3914 1378 3968 oraculi
1397 3914 1493 3969 estad
1512 3913 1606 3984 ipsum

301 3992 478 4064 Pelasgicon
496 3992 671 4062 pertinentis,
690 3993 800 4063 antiqui
819 3994 905 4048 inisse
924 3993 1031 4048 oraculi
1049 3993 1138 4049 multo
1158 3997 1224 4049 ante
1243 4011 1347 4050 annum
1367 3999 1418 4048 4³0
1438 3993 1511 4062 dati,
1530 3995 1605 4063 quod

180 4107 184 4114 -
300 4073 329 4128 in
349 4090 456 4127 summo
474 4089 566 4127 rerum
584 4072 744 4128 discrimine
764 4074 855 4129 denuo
873 4073 1000 4128 homines
1019 4074 1250 4140 recordabantur,
1270 4075 1416 4130 verborum
1432 4073 1605 4144 Thucydidis

301 4155 381 4208 tenor
400 4169 433 4207 ac
452 4170 571 4207 conexus
594 4149 662 4208 satis
686 4153 761 4209 clare
779 4155 910 4209 ostendit.
947 4154 1029 4208 Nunc
1052 4158 1147 4208 autem
1170 4155 1239 4224 quid
1261 4172 1291 4209 re
1311 4171 1374 4209 vera
1396 4155 1606 4224 daporsteritsoo

301 4235 373 4289 illud
391 4233 444 4287 sibi
463 4233 556 4300 vellet,
575 4233 738 4288 felicissimo
757 4234 885 4289 acumine
905 4235 1080 4306 perspexisse
1099 4235 1208 4290 videtur
1220 4235 1343 4290 Wolters
1362 4235 1449 4305 (apud
1463 4235 1539 4289 Kdrt.
1556 4234 1604 4290 l.c.
1700 4253 1701 4282 1

300 4334 326 4384 p.
343 4317 394 4368 330
418 4317 474 4368 not.
495 4319 534 4383 3),
561 4315 714 4369 admonens
737 4315 812 4369 idem
837 4316 1046 4384 ἀκροτελεύτιον
1069 4331 1125 4370 una
1148 4318 1258 4369 mutata
1280 4315 1389 4382 littera,
1418 4314 1605 4370 diversissimo
1700 4329 1701 4386 t

301 4411 368 4450 saue
387 4411 478 4461 seusu,
497 4393 554 4464 legi
571 4393 601 4448 in
621 4393 802 4452 celeberrimo
821 4397 856 4449 de
875 4395 997 4465 Megaris
1017 4396 1129 4450 oraculo
1149 4396 1243 4465 (Anth.
1259 4396 1317 4450 Pet.
1333 4395 1396 4450 XIV
1412 4399 1467 4464 73):

567 4481 656 4554 Γαίης
674 4482 724 4552 μὲν
742 4483 834 4554 πάσης
852 4485 883 4540 τὸ
903 4485 1077 4554 Πελασγικὸν
1092 4483 1188 4554 Ἀργος
1206 4485 1321 4556 ἄμεινον

561 4561 657 4619 “innoc
678 4565 847 4620 Θεσσαλτκαί
864 4563 1086 4634 Λακεδαιμόνιαί
1107 4586 1136 4620 τε
1154 4574 1291 4636 γυναῖκες.

393 4665 435 4733 15)
455 4662 488 4716 cf.
508 4663 540 4715 A.
557 4661 685 4716 Schmidt
702 4662 721 4716 1.
737 4679 759 4716 c.
780 4681 807 4733 p.
823 4668 921 4732 688sq.
942 4695 974 4703 —
995 4664 1107 4718 oracula
1130 4663 1166 4718 ab
1185 4663 1307 4719 Isocrate
1326 4664 1439 4736 (Paneg.
1456 4667 1499 4734 31)
1519 4665 1606 4720 allata

302 4743 456 4797 recentiora
474 4745 547 4797 sunt.
1700 4747 1701 4764 ³

393 4826 435 4892 16)
454 4821 572 4877 alterum
592 4822 664 4877 κατά
683 4823 815 4878 omissum
835 4841 895 4878 esse
912 4840 1019 4879 moneo.

392 4907 435 4972 17)
454 4903 488 4957 cf.
509 4920 581 4973 quae
600 4903 637 4958 ad
655 4921 681 4957 n.
698 4909 732 4958 34
751 4908 780 4958 et
798 4909 832 4958 87
852 4903 944 4960 attuli.
